2242 3085
252 1040 362 1062 1.'1·in1.5‚
371 1040 390 1059 43.

406 117 470 147 290
871 119 920 145 38.
959 118 1174 146 CONCILIUM
1199 118 1432 145 TURONENSE
1456 119 1492 144 A.
1512 118 1585 145 813.

514 213 621 244 XXV.
660 212 856 243 Monasteria
888 211 1127 251 monachorum,
1164 212 1195 242 in
1233 211 1348 253 quibus
1380 211 1454 242 olim
1486 210 1597 252 regula
1626 210 1714 242 beati
1744 211 1913 242 Benedicti
1947 211 2049 253 patris

408 265 671 301 conservabatur,
705 265 761 296 sed
785 276 870 295 nunc
895 265 975 295 forte
1001 264 1228 306 qualicumque
1252 264 1457 306 neglegentia
1482 263 1674 305 subrepente
1699 264 1862 295 remissius
1887 275 1925 295 ac
1949 264 2049 295 disso-

408 319 504 349 lutius
529 318 707 350 custoditur
731 317 783 348 vel
815 324 901 349 certe
933 319 1060 359 penitus
1092 317 1212 348 abolita
1234 317 1427 359 neglegitur,
1459 316 1579 347 bonum
1603 316 1732 347 videtur
1755 322 1789 348 ut
1813 316 1855 347 ad
1879 317 2049 358 pristinum

408 377 610 402 revertantur
641 376 774 410 statum3
807 376 837 401 et
868 370 1002 401 abbates
1034 370 1208 401 eorundem
1240 371 1272 401 in
1305 369 1419 400 eodem
1450 368 1561 400 habitu
1586 380 1624 400 ac
1648 370 1724 410 vita,
1758 381 1821 412 qua
1844 370 1915 411 ipsa
1938 369 2050 411 regula

409 425 611 466 praecipiens
638 424 788 455 incedere
814 435 851 455 ac
876 425 986 454 vivore
1012 423 1169 462 studeant,
1203 423 1354 465 quoniam
1386 422 1496 464 aliqua
1527 427 1600 453 sunt
1630 423 1836 461 monasteria,
1867 423 1900 453 in
1932 422 2048 464 quibus
2068 434 2083 453 ε»

408 478 471 508 iam
497 478 593 519 pauci
619 482 691 508 sunt
714 477 874 514 monaehi,
907 477 961 518 qui
992 476 1148 518 praedicti
1181 477 1281 518 patris
1313 475 1457 517 regulam
1489 476 1554 506 suis
1583 474 1755 506 abbatibus
1780 476 1971 517 promissam
1995 475 2049 506 ha-

407 530 514 570 beant,
541 531 658 572 quippe
686 542 758 561 cum
783 531 844 572 ipsi
870 529 1004 560 abbates
1029 530 1131 571 magis
1157 529 1312 560 canonice
1338 540 1434 570 quam
1459 528 1647 559 monachice
1672 529 1754 559 inter
1775 540 1848 559 suos
1865 529 2048 559 conversari

406 583 566 614 videntur.

516 645 640 676 XXVI.
678 646 778 676 Porro
795 645 827 676 in
845 646 1046 676 monasteriis
1064 644 1242 686 puellarum
1263 643 1362 675 multa
1386 644 1525 674 inveniri
1548 649 1692 685 possunt,
1719 654 1801 685 quae
1827 643 2050 674 emendatione

410 698 565 739 indigent.
608 698 690 729 Nam
717 698 875 740 quaedam
901 697 1137 728 abbatissarum
1163 697 1385 739 neglegentius
1411 708 1507 738 quam
1532 702 1678 738 oporteat
1702 697 1812 727 vivere
1838 696 1995 731 dicuntur.
2021 702 2052 727 et
2072 708 2099 726 ιο

409 750 450 782 ob
475 751 535 782 11οο
561 763 670 782 earum
702 752 769 782 vita
798 757 829 782 et
860 751 1060 782 conversatio
1093 762 1111 781 a
1136 750 1242 781 multis
1268 750 1460 789 diffamatur,
1493 749 1549 780 sed
1580 755 1611 780 et
1640 749 1751 780 talium
1776 754 1868 780 actus
1891 748 2051 780 subditam

409 804 563 835 familiam
595 805 712 835 imitari
743 804 826 835 velle
858 803 1053 834 credendum
1086 809 1143 834 est.
1187 803 1299 836 Victus
1331 803 1427 833 etiam
1459 814 1497 833 ac
1522 803 1714 833 vestimenta
1745 802 1870 844 aliaque
1899 802 2053 833 nonnulla

409 858 604 892 necessaria.
637 868 719 899 quac
744 858 811 888 iure
837 856 877 887 ab
902 856 1074 887 abbatissis
1099 855 1247 898 praeberi
1280 855 1468 895 debuerant,
1502 854 1665 886 abstracta
1689 854 1750 885 sibi
1775 855 1889 886 eadem
1913 866 2051 896 conque-

408 911 489 941 ritur
512 910 643 941 familia.

516 972 658 1002 XXVII.
696 972 741 1006 Ut
764 972 896 1002 iuvenes
914 971 1031 1001 viduae
1050 972 1113 1001 cito
1130 981 1334 1012 nequaquam
1351 969 1507 1009 velentur,
1532 981 1632 1012 usque
1659 970 1733 1001 dum
1756 969 1909 1012 probetur
1926 970 2052 1000 illarum
2075 981 2100 999 ιε»

410 1025 534 1066 religio,
560 1031 591 1055 et
614 1024 699 1055 bona
724 1024 764 1055 ab
790 1025 836 1055 eis
860 1030 936 1055 nota
960 1025 1000 1054 sit
1025 1024 1237 1063 conversatio,
1262 1034 1302 1053 ne
1319 1023 1400 1054 forte
1419 1023 1458 1054 de
1475 1023 1599 1054 hisdem
1625 1023 1689 1054 dici
1713 1024 1814 1065 possit
1834 1022 1874 1054 ab
1892 1023 2051 1065 apostolo:

413 1078 498 1116 Quae
521 1086 619 1109 (tutem
648 1080 677 1109 ιή
704 1078 830 1109 deliciis
852 1085 923 1108 sant
947 1079 1079 1109 cicentes
1102 1085 1239 1108 mortuae
1262 1084 1340 1107 sunt.

519 1140 678 1170 XXVIII.
716 1139 905 1180 Virginibus
931 1150 1059 1181 quoque
1085 1150 1211 1169 sacrum
1235 1137 1384 1169 velamen
1409 1137 1633 1179 accipiendum
1658 1137 1790 1169 decreta
1814 1144 1941 1180 patrum
1958 1138 2053 1169 inter-

413 1193 525 1223 dicunt
542 1197 615 1223 ante
634 1198 715 1223 XXV
736 1204 847 1227 annos,
872 1193 933 1222 nisi
958 1192 1039 1223 forte
1065 1191 1173 1233 aliqua
1198 1196 1333 1232 cogente
1358 1191 1561 1230 necessitate,
1586 1202 1643 1232 pro
1670 1202 1733 1232 qua
1757 1191 1879 1222 licitum
1904 1196 1952 1222 est
1975 1191 2054 1222 haec

413 1250 531 1276 statuta
554 1250 688 1285 mutare,
714 1251 748 1276 ut
772 1246 804 1276 111
830 1245 1039 1283 canonibus¹‚
1065 1245 1091 1275 si
1116 1245 1308 1286 requiratur,
1333 1244 1472 1274 inveniri
1495 1244 1623 1286 poterit.
2076 1255 2103 1273 20

519 1308 696 1338 XXVIIII.
740 1307 961 1349 Presbyteris,
1002 1306 1191 1338 diaconibus
1224 1306 1424 1347 caeterisque
1457 1305 1581 1336 clericis
1612 1305 1697 1336 infra
1728 1305 1867 1336 claustra
1897 1311 2055 1336 monaste—

412 1362 530 1392 riorum
563 1360 742 1402 puellarum
772 1372 837 1391 non
869 1361 907 1391 sit
940 1371 1129 1391 concessum
1161 1358 1317 1390 habitare.
1366 1358 1478 1400 Neque
1511 1359 1595 1389 enim
1627 1359 1747 1389 intrent
1775 1359 1970 1390 monasteria
1995 1359 2056 1389 nisi

413 1420 566 1456 tempore,
593 1425 654 1455 quo
680 1414 849 1444 missarum
875 1413 1041 1444 sollemnia
1066 1412 1261 1444 celebranda
1285 1418 1358 1443 sunt
1380 1411 1433 1442 vel
1457 1411 1521 1442 alia
1545 1411 1708 1453 quaelibet
1733 1411 1932 1443 eclesiastica
1949 1412 2057 1442 officia

413 1467 609 1509 peragenda.
641 1466 766 1506 Quibus
783 1467 922 1508 peractis
940 1467 1046 1497 statim
1065 1465 1271 1507 egrediantur
1287 1477 1347 1496 nec
1365 1466 1538 1507 quicquam
1556 1464 1601 1495 ibi
1618 1470 1731 1506 postea
1747 1476 1909 1496 morarum
1925 1465 2054 1496 faciant.

414 1520 568 1551 Similiter
593 1526 623 1551 et
648 1520 717 1550 aliis
743 1519 925 1550 hominibus
950 1519 1063 1550 eadem
1088 1519 1284 1549 monasteria
1308 1519 1490 1560 importune
1507 1518 1712 1560 frequentare
1731 1517 1935 1560 cupientibus
1954 1518 2055 1549 omnis
2076 1529 2103 1547 ‘25

411 1573 517 1604 aditus
543 1573 744 1604 excludatur.

520 1635 632 1667 XXX.
669 1634 863 1665 Abbatissae
890 1634 1012 1676 absque
1038 1635 1086 1664 5111
1112 1634 1256 1675 episcopi
1280 1633 1411 1664 licentia
1435 1633 1520 1663 foras
1541 1633 1769 1663 monasterium
1788 1633 1976 1675 egrediendi
1993 1644 2056 1664 non

413 1689 555 1720 habeant
579 1694 780 1730 potestatem,
813 1689 873 1718 nisi
906 1700 978 1718 011111
1003 1687 1045 1718 ad
1069 1687 1248 1728 piissimum
1273 1687 1499 1728 imperatorem
1524 1692 1665 1717 nostrum
1699 1686 1860 1727 proficisci
1885 1686 2054 1721 voluerint.

413 1742 469 1773 sed
495 1748 618 1772 tantum
643 1742 674 1771 in
700 1742 765 1771 suis
797 1747 1007 1783 permaneant
1039 1740 1242 1771 monasteriis
1274 1739 1383 1781 ibique
1409 1744 1439 1770 et
1465 1750 1497 1769 se
1523 1740 1609 1780 ipsas
1635 1739 1795 1770 custodire
1821 1739 1946 1781 sibique
1971 1750 2055 1770 com-

412 1796 526 1826 missas
551 1806 691 1827 servare.
719 1800 839 1836 quanta
862 1794 1001 1835 poterint
1026 1793 1202 1834 vigilantia,
1227 1792 1403 1823 decertent.
2076 1804 2102 1821 30

520 1856 646 1887 XXXI.
686 1856 728 1887 Ut
759 1857 790 1886 in
822 1856 1024 1886 monasteriis
1057 1856 1295 1893 canonicorum,
1326 1854 1556 1885 monachorum
1588 1865 1645 1884 seu
1673 1854 1851 1895 puellarum
1875 1854 1977 1885 maior
2001 1854 2054 1884 ho-

413 1911 534 1941 minum
558 1921 709 1940 numerus
734 1921 797 1940 non
823 1909 1018 1947 admittatur,
1045 1920 1140 1950 quam
1164 1907 1301 1938 facultas
1326 1907 1512 1938 monasterii
1536 1907 1637 1948 possit
1663 1907 1804 1937 sufferre.

520 1971 664 2002 XXXII.
704 1974 824 2002 Omnes
845 1971 988 2001 homines
1007 1977 1037 2000 et
1054 1971 1194 2000 maxime
1213 1969 1388 2000 Christiani
1413 1969 1561 1999 studeant
1586 1969 1668 1999 inter
1692 1980 1726 1999 se
1750 1980 1874 2010 pacem,
1899 1969 2055 1999 unanimi-

413 2031 511 2056 tatem
537 2030 568 2055 et
593 2024 796 2055 concordiam
823 2023 952 2057 babere.
986 2023 1093 2054 odium
1118 2034 1195 2053 vero
1228 2028 1258 2053 et
1283 2022 1478 2053 discordiam
1503 2022 1596 2063 longe
1621 2033 1640 2052 a
1664 2033 1697 2052 se
1722 2021 1918 2063 propellere:
1951 2033 2055 2063 neque

414 2090 470 2120 pro
496 2083 623 2109 terreno
649 2083 680 2108 et
705 2077 827 2108 caduco
853 2083 967 2119 questu
997 2077 1067 2118 quis
1100 2075 1241 2107 invidiae
1267 2075 1401 2106 stimulis
1433 2076 1572 2116 agitatus
1601 2074 1747 2105 felicitati
1771 2075 1878 2105 fratris
1902 2074 2055 2109 invideat.
2076 2086 2102 2103 35

415 2131 471 2162 sed
497 2132 602 2172 potius
627 2130 721 2167 bona,
748 2142 830 2172 quae
856 2129 917 2160 sibi
942 2135 1040 2171 optat,
1068 2129 1180 2160 eadem
1206 2134 1236 2159 et
1260 2129 1415 2170 proximis
1441 2128 1619 2169 aequaliter
1643 2128 1760 2169 cupiat.

522 2192 684 2223 XXXIII.
724 2192 912 2223 (immitibus.
938 2191 1099 2222 iudicibus
1124 2190 1312 2232 reliquoque
1338 2189 1455 2231 populo
1481 2189 1623 2231 expedit,
1654 2194 1688 2219 ut
1720 2190 1784 2220 suis
1809 2190 1871 2220 sint
1895 2190 2056 2231 episcopis

414 2246 651 2277 consentientes
684 2252 715 2276 et
749 2245 956 2276 ‹1›boc(li(.=ntes
988 2250 1118 2286 propter
1142 2244 1205 2274 Dei
1237 2254 1379 2273 amorem
1409 2243 1521 2284 suique
1554 2242 1672 2283 gradus
1697 2242 1849 2273 honorem
1875 2248 1905 2273 et
1930 2254 2057 2284 semper

520 2364 603 2386 XXV.
634 2365 648 2386 2
670 2360 870 2394 qualicumque]
891 2362 1043 2393 qualicuius
1064 2361 1095 2385 X.
1178 2363 1193 2385 4
1214 2369 1246 2385 ac
1266 2358 1330 2391 vita]
1351 2361 1400 2384 hac
1421 2361 1476 2384 vita
1498 2360 1529 2383 X.
1610 2360 1706 2392 regula
1726 2357 1903 2392 praecipiens]
1924 2360 1959 2384 ita
1978 2360 2013 2384 Jl.
2034 2360 2063 2383 X

413 2409 463 2432 loco
493 2408 636 2431 nominativi
664 2407 782 2432 absoluti.
814 2413 838 2430 nl
869 2407 1035 2437 intellijsatur:
1066 2407 1148 2437 reyula
1177 2406 1356 2437 praecipiente:
1383 2414 1404 2429 ‘t‘-
1433 2414 1493 2436 quae
1522 2404 1592 2435 insul
1620 2404 1653 2428 ad
1679 2413 1697 2427 c.
1720 2404 1878 2428 .Y.Y,YI⁷IJI.
1904 2404 2055 2428 disseremus.
2075 2412 2103 2430 4ο

414 2453 428 2476 '1
450 2453 549 2483 quippe
569 2452 633 2475 deest
654 2452 684 2475 X.

522 2496 617 2519 XXVI.
651 2498 675 2519 11
702 2493 804 2525 earum]
828 2504 919 2518 eorum
941 2494 972 2518 N.
1049 2496 1079 2518 13
1101 2495 1267 2525 conquiritur
1287 2494 1318 2517 X.

522 2540 646 2563 XXVIII.
680 2542 709 2563 ln
731 2544 770 2563 est
791 2540 865 2569 haee
888 2540 952 2562 ham·
975 2543 1013 2563 est
1034 2538 1065 2562 X.
1141 2540 1173 2562 20
1194 2538 1360 2562 cannonibus
1381 2536 1413 2560 X.

523 2585 665 2607 XXVIIII.
697 2585 728 2607 23
750 2592 802 2614 quo
823 2584 886 2607 dces-l
908 2582 941 2606 Js.
1005 2584 1036 2606 24
1058 2580 1211 2613 quicquam]
1232 2590 1365 2612 quaquam
1387 2581 1418 2605 X.
1480 2582 1511 2604 25
1533 2582 1697 2612 frequentari
1719 2580 1754 2605 Π.
1775 2580 1806 2606 X.
1863 2582 1895 2605 26
1916 2581 2004 2604 aditur
2025 2580 2055 2604 X.

522 2629 603 2652 XXX.
634 2629 664 2652 27
688 2626 853 2657 ‹ng-rodicquli]
875 2628 965 2653 egredi
988 2627 1022 2650 Jl.
1098 2630 1129 2650 :38
1151 2627 1183 2650 ad
1204 2626 1268 2650 deest
1289 2627 1322 2649 M.
2075 2632 2103 2649 45,

522 2673 651 2696 XXXIII.
683 2673 713 2696 :37
736 2673 910 2695 (¹ommitibus
932 2671 963 2694 X.
1039 2671 1195 2701 reliquoque
1217 2668 1328 2701 populo]
1350 2669 1567 2700 reliquorumque
1590 2668 1619 2693 λ’,

526 2781 552 2806 11
581 2780 627 2814 ([ΐῖ
655 2779 749 2806 ‹·o›1‹'1'l.
778 2779 1010 2815 Uarlhagslltieusr
1035 2788 1057 2806 c.
1080 2780 1121 2806 lo'.
1148 2778 1317 2812 Africanum
1344 2788 1366 2803 t·-
1384 2780 1438 2810 9-3;
1472 2777 1570 2803 illtmsl
1594 2777 1648 2810 III,
1674 2778 1744 2805 718.
1771 2778 1841 2805 822.
