2242 3085
94 709 118 727 10

94 974 118 993 15

94 1506 121 1525 25

96 1858 123 1877 ³0

98 2080 125 2099 35

100 2425 128 2443 40

103 2689 130 2708 45

557 116 608 143 39.
646 115 863 143 CONCILIUM
887 115 1215 146 AQUISGRANENSE
1242 117 1276 143 A.
1300 116 1373 143 816.
1726 113 1789 143 403

139 209 325 240 civitatibus
350 209 553 251 metallisque
578 209 725 245 inditum,
750 208 829 239 nihil
854 208 1051 239 diversitatis
1073 214 1127 239 aut
1151 209 1392 251 inaequalitatis
1410 211 1477 251 pati
1495 209 1600 249 debet,
1620 214 1789 252 quatenus,

139 263 222 294 sicut
246 262 332 294 idem
356 262 482 304 pondus
507 273 646 304 aequum
671 267 849 304 permanet,
882 262 927 292 ita
959 262 1054 292 etiam
1088 262 1201 292 cadem
1226 274 1379 293 mensura
1403 274 1506 305 acque
1532 262 1594 293 illis
1618 262 1789 293 tribuatur.

138 315 297 346 Noverint
326 320 433 346 tamen
465 315 661 357 generaliter
692 326 803 345 omnes
834 314 949 345 libram
980 326 1044 346 nou
1076 315 1213 356 amplius
1246 327 1342 357 quam
1375 315 1547 347 duodecim
1579 317 1682 347 unciis
1716 327 1790 347 con-

139 374 222 400 stare
248 368 366 399 debere
380 370 399 399 ¹.

245 429 402 461 CXXIII.
440 430 555 469 Quod
581 442 599 461 a
623 430 829 472 praelatis
854 430 1018 471 gemina
1042 430 1180 471 pastio
1207 431 1259 461 sit
1285 430 1468 461 subditis
1500 431 1789 472 impendenda.

139 483 315 515 Sollerter2
338 483 492 525 praelatis
524 483 737 525 satagendum
770 488 827 522 est,
859 488 894 513 ut
925 494 990 521 eos,
1025 482 1142 525 quibus
1174 489 1338 524 praesunt,
1371 483 1480 514 verbis
1511 490 1542 514 et
1567 484 1723 526 exemplis
1749 483 1791 514 ad

137 536 221 568 bene
245 537 422 568 vivendum
447 537 629 576 informent,
655 536 784 578 fixoque
811 536 907 567 corde
933 536 1118 575 tenendum,
1144 548 1184 567 ne
1210 547 1264 567 eos
1291 537 1381 578 quasi
1408 537 1564 578 proprios.
1591 537 1648 567 sed
1672 543 1707 568 ut
1723 537 1790 568 Do-

138 590 216 620 mini
248 590 297 621 sui
328 601 460 632 gregem
491 595 631 621 tractare
663 590 868 621 meminerint
892 590 983 620 iuxta
1007 589 1096 627 illud,
1129 589 1215 631 quod
1239 589 1336 620 Petro
1362 589 1495 620 dicitur:
1529 592 1569 621 Se·
1598 591 1709 632 tle'liqz's
1734 604 1790 629 mv,

135 656 230 685 pasce
256 656 325 675 ores
349 657 441 675 meas.
491 643 614 682 ‘Meas’,
640 643 753 685 inquit,
779 654 842 673 non
868 642 971 673 ‘tuas‘.
1012 642 1054 673 Et
1079 642 1138 673 hoc
1164 642 1236 673 ideo
1263 642 1410 681 dicimus,
1437 643 1512 684 quia
1538 648 1610 673 sunt
1635 643 1789 681 nonnulli,

139 697 193 738 qui
218 708 295 727 oves
313 696 433 727 Christi
457 708 522 727 non
547 707 655 727 amore
674 696 803 735 Christi,
829 695 886 726 sed
911 707 988 727 suae
1014 695 1065 726 vel
1090 695 1213 737 gloriae
1231 695 1282 726 vel
1308 695 1536 726 dominationis
1562 696 1613 726 vel
1639 702 1791 738 quaestus

138 750 243 791 gratia
266 756 413 791 pascunt.
462 749 528 781 Sed
553 755 583 780 et
607 749 667 780 1100
692 749 866 791 vigilanter
897 749 1099 791 perpendere
1132 748 1261 787 debent,
1294 749 1379 790 quod
1414 749 1527 779 eadem
1553 750 1657 791 pastio
1683 750 1791 790 gregis

138 803 291 834 dominici
314 814 379 834 non
403 803 564 842 uniformi,
591 802 647 833 sed
672 802 862 833 multimoda
887 808 934 833 est
959 801 1175 833 sollieitudine
1200 801 1354 843 gerenda,
1381 802 1505 833 scilicet
1522 803 1598 844 quia
1615 807 1647 832 ct
1663 807 1792 832 terrena

138 856 283 887 subsidia
313 856 486 898 diligenter
517 856 578 887 illis
610 855 768 898 praebere
801 861 832 886 et
863 855 1013 897 exempla
1038 855 1165 886 virtutis
1196 855 1291 886 simul
1316 867 1388 886 cum
1413 854 1513 886 verbo
1538 855 1790 897 praedicationis

138 908 259 940 debent
289 909 424 940 sollicite
456 909 654 951 impendere.
711 909 918 951 Quapropter
949 908 1076 939 studeat
1108 909 1329 950 unusquisque
1366 908 1540 950 praelatus,
1578 913 1612 939 ut
1648 908 1790 938 familiae

139 962 259 994 Christi
283 974 444 993 annonam
470 962 645 1004 spiritalem
671 962 899 1004 carnalemque
929 961 1068 992 fideliter
1099 961 1328 999 subministret,
1362 966 1396 992 ut
1428 961 1513 992 effici
1545 966 1707 992 mereatur
1738 961 1790 991 ille

138 1015 346 1057 evangelicus
372 1027 495 1053 servus,
522 1016 561 1046 de
587 1027 649 1058 quo
675 1016 809 1047 dicitur:
840 1016 965 1047 Fidelis
988 1028 1096 1046 seri-ns·
1120 1023 1147 1045 el
1163 1015 1319 1057 prudens,
1351 1028 1438 1057 quem
1465 1016 1623 1046 constituit
1646 1015 1792 1046 dominns

137 1082 231 1111 super
254 1070 427 1112 familiam
458 1082 557 1108 snam„
592 1077 622 1100 ut
652 1070 702 1101 det
736 1070 802 1100 [llis
835 1071 866 1100 in.
897 1076 1031 1111 tempore
1056 1070 1158 1099 tritici
1178 1081 1364 1099 mensnram.
1414 1069 1512 1110 Ergo,
1546 1069 1628 1099 sieut
1653 1067 1790 1099 subditis

138 1123 324 1153 necessaria
358 1123 501 1164 corporis
535 1122 690 1161 tribuunt,
727 1123 770 1153 ita
805 1122 1012 1153 nihilominus
1045 1121 1174 1152 studere
1207 1121 1337 1159 debent,
1370 1127 1403 1152 ut
1434 1121 1522 1152 idem
1547 1121 1790 1163 religiosissime

139 1175 284 1206 ordinem
310 1177 502 1207 canonicum
528 1181 657 1207 servent
683 1181 714 1206 et
738 1176 891 1218 praelatis
917 1176 982 1206 suis
1007 1186 1045 1206 ac
1070 1175 1255 1216 magistris3
1280 1175 1433 1206 honorem
1459 1174 1605 1205 debitum
1629 1173 1794 1204 humiliter

139 1229 334 1271 inpendant3
367 1235 400 1260 ut
431 1229 518 1260 horis
552 1230 716 1260 canonicis
749 1229 894 1260 divinum
926 1229 1068 1259 officium
1101 1228 1309 1259 devotissime
1339 1228 1502 1270 expleant,
1535 1228 1620 1258 intus
1649 1227 1792 1269 forisque

139 1294 203 1313 nou
228 1282 330 1313 solum
354 1282 466 1313 habitu
492 1288 522 1313 et
547 1288 631 1319 actu,
666 1282 723 1313 sed
755 1283 851 1313 etiam
876 1283 945 1324 ipso
971 1282 1100 1312 incessu
1132 1281 1440 1323 inreprehensibiles
1472 1282 1630 1320 existant,
1662 1286 1697 1311 ut
1727 1292 1792 1311 non

140 1336 204 1366 otio
229 1342 356 1375 vacent,
382 1347 445 1366 non
466 1335 660 1377 vaniloquiis
677 1336 865 1375 inserviant,
891 1347 954 1366 non
972 1334 1227 1366 detractionibus
1246 1340 1277 1366 et
1295 1336 1431 1366 caeteris
1449 1335 1600 1365 vitiorum
1618 1333 1791 1365 inlecebris

139 1388 338 1428 incumbant,
364 1389 421 1420 sed
445 1389 551 1431 potius
576 1395 631 1420 aut
656 1389 794 1420 orationi
817 1394 871 1420 aut
896 1388 1027 1419 lectioni
1051 1394 1105 1420 aut
1130 1388 1328 1431 quibuslibet
1353 1388 1513 1419 eeclesiae
1540 1392 1595 1418 aut
1616 1392 1702 1418 certe
1720 1399 1792 1429 pro-

140 1443 218 1484 priis
250 1441 441 1473 utilitatibus
473 1445 612 1473 vacent¹
643 1448 698 1473 aut
730 1443 826 1473 etiam
859 1442 1014 1473 doctrinis
1046 1443 1132 1472 sanis
1166 1447 1197 1473 et
1228 1442 1430 1472 diversarum
1462 1442 1579 1472 artium
1605 1440 1794 1471 erudiantur

141 1495 330 1537 disciplinis,
356 1496 400 1526 ita
424 1495 577 1526 videlieet
600 1501 634 1526 ut
658 1495 763 1526 nullus
788 1496 821 1526 in
846 1496 1096 1537 congregatione
1119 1495 1239 1526 inutilis
1258 1501 1312 1526 aut
1329 1496 1449 1525 otiosus
1468 1495 1611 1525 existens
1630 1493 1793 1535 stipendia

142 1548 299 1580 ecclesiae
324 1549 502 1579 inofficiose
528 1549 685 1591 accipiat,
711 1554 745 1579 ut
769 1548 912 1590 quotidie
938 1548 979 1579 ad
1004 1548 1243 1579 conlationem5
1267 1549 1409 1583 veniant,
1436 1547 1490 1579 ubi
1516 1553 1547 1578 et
1567 1547 1650 1578 hanc
1668 1547 1793 1577 institu-

140 1603 260 1633 tionem
285 1608 316 1633 et
340 1602 475 1633 aliarum
501 1602 732 1644 scripturarum
757 1607 942 1633 sanctarum
966 1601 1122 1633 lectiones
1147 1601 1316 1643 perlegant
1348 1606 1379 1632 et
1407 1612 1464 1643 pro
1490 1600 1639 1631 admissis
1664 1600 1794 1631 veniam

141 1655 303 1697 postulent
328 1661 358 1686 et
383 1656 575 1686 sententiam
600 1666 657 1697 pro
684 1655 838 1697 qualitate
863 1655 996 1686 admissi
1021 1655 1209 1696 suscipiant,
1241 1654 1297 1685 ubi
1329 1655 1426 1685 ctiam
1459 1653 1498 1684 de
1529 1654 1691 1685 communi
1722 1664 1794 1695 pro-

250 1799 362 1823 CXXII.
394 1800 404 1823 1
427 1797 485 1829 aut]
507 1802 533 1823 et
554 1799 588 1823 M.
663 1800 790 1830 quatinus
810 1799 846 1823 III.
921 1801 936 1823 2
957 1808 1060 1831 aequae
1082 1800 1113 1823 Β.
1187 1801 1201 1823 3
1224 1799 1335 1823 liberam
1356 1799 1387 1823 B.
1463 1799 1545 1823 untiis
1566 1799 1597 1822 B.

250 1853 377 1877 CXXIII.
407 1854 421 1876 5
442 1854 574 1884 pastionis
594 1853 625 1882 B,
646 1853 687 1876 uhi
707 1854 741 1877 sit
761 1853 834 1877 deest.
899 1854 913 1876 S
934 1851 1020 1883 iuxta]
1041 1853 1113 1876 iusta
1133 1853 1165 1876 B.
1230 1854 1244 1877 9
1266 1850 1336 1883 suut]
1360 1853 1429 1877 sicut
1450 1852 1480 1876 P.
1546 1853 1573 1876 11
1597 1851 1742 1883 vigilantes
1764 1850 1795 1875 L.

143 1898 236 1930 pascio
258 1897 289 1920 B.
372 1898 403 1921 12
423 1897 582 1921 sollitudine
604 1897 635 1921 B.
717 1899 748 1921 16
769 1895 954 1929 evangelicus]
978 1897 1179 1921 ecclesiasticus
1201 1897 1232 1921 Β.
1315 1898 1346 1921 18
1367 1897 1537 1921 necessariae
1558 1896 1590 1920 B.
1613 1897 1638 1920 ζ’.
1716 1895 1794 1919 1111111-

144 1942 267 1966 hominus
288 1941 320 1965 B.
341 1941 371 1965 P.
465 1943 494 1965 19
522 1939 564 1972 ac]
593 1942 642 1966 hac
671 1942 702 1965 R.
726 1942 751 1965 0.
844 1943 877 1965 ‘20
904 1942 1061 1973 impendent
1088 1942 1119 1965 Β.
1212 1942 1242 1965 21
1272 1939 1369 1971 solum]
1393 1941 1476 1965 solem
1498 1941 1527 1965 P.
1620 1941 1733 1964 incensu
1762 1939 1795 1963 B.

144 1983 269 2017 existant]
289 1987 383 2010 exsist-
403 1986 501 2018 saepius
521 1986 552 2010 H.
573 1986 603 2010 L.
625 1986 654 2010 P.
746 1987 778 2010 *23
803 1984 928 2016 orationi]
949 1986 1083 2010 horationi
1105 1986 1137 2010 B.
1229 1987 1261 2010 24
1289 1983 1370 2016 sanis]
1391 1987 1455 2009 satis
1476 1985 1509 2009 Β,
1601 1986 1633 2008 26
1661 1981 1794 2016 quotidie]

145 2031 256 2054 cottidie
276 2030 315 2054 liic
334 2035 357 2055 et
376 2030 446 2062 infra
468 2031 501 2056 M,
524 2031 641 2055 cotidiae
661 2031 700 2054 liic
719 2035 741 2054 et
760 2030 831 2062 infra
852 2030 883 2060 B,
911 2031 1010 2054 cotidie
1035 2030 1064 2054 P.
1157 2028 1212 2060 ubi]
1242 2031 1306 2054 hubi
1334 2030 1365 2054 Β.
1458 2030 1489 2054 27
1519 2026 1642 2060 aliarum]
1670 2028 1735 2052 alias
1764 2028 1795 2052 R.

145 2076 177 2099 28
197 2074 336 2107 postolent
356 2075 387 2099 B.
462 2075 585 2099 admissis
605 2075 637 2099 B.

256 2201 283 2234 l)
315 2201 346 2228 V.
371 2201 454 2236 infra
485 2201 533 2229 snb
560 2201 585 2229 C
609 2201 739 2238 epistolas
763 2201 939 2230 Hludmriei:
976 2201 1016 2235 cf.
1049 2201 1130 2228 eliani
1161 2200 1275 2227 notitiae
1307 2199 1450 2226 vuius-dam
1474 2200 1656 2236 fraymenla,
1688 2208 1760 2235 quae
1785 2208 1798 2225 e

147 2253 239 2281 codice
261 2264 283 2281 S.
315 2254 443 2281 Cdalrz’ci
466 2254 624 2291 Aziyustani
646 2254 770 2281 incertae
793 2254 893 2281 aetatis
918 2254 1003 2281 edidit
1028 2254 1163 2281 Mahsllnn
1190 2251 1308 2288 (Vetera
1333 2254 1464 2280 analecta
1489 2252 1542 2286 IV,
1568 2249 1658 2288 45⁶2J:
1686 2252 1795 2279 Uneiae

147 2307 203 2333 XII
226 2307 325 2333 libram
350 2307 486 2334 efficiunt.
514 2328 520 2334 .
548 2328 554 2334 .
602 2308 689 2334 Libra
713 2317 768 2334 una
793 2312 821 2334 et
847 2308 929 2334 semis
954 2308 1091 2334 heminam
1117 2308 1194 2336 facit,
1227 2308 1299 2333 duae
1332 2307 1460 2332 heminae
1486 2307 1637 2332 sextarium
1662 2306 1795 2333 reddunt.

147 2360 245 2386 XXIV
269 2361 391 2387 sextaria
414 2361 536 2387 modium
560 2361 677 2391 faciunt,
703 2362 862 2396 quindecim
887 2361 978 2387 modia
1002 2370 1106 2395 gomor,
1132 2361 1186 2387 «luo
1211 2369 1306 2395 gomor
1330 2369 1433 2386 eorum.
1524 2359 1552 2391 2)
1578 2359 1608 2386 V.
1627 2359 1690 2385 inst.
1707 2362 1796 2385 sanci.

149 2424 170 2440 (J.
189 2414 234 2441 1-1.
329 2413 358 2446 3)
387 2413 521 2451 Maqz'stri
543 2424 630 2450 aeque
654 2424 688 2441 (10
707 2414 822 2450 priores
847 2411 942 2448 (infra
968 2424 990 2440 c.
1010 2411 1077 2449 143)
1102 2418 1239 2441 'vm-antur
1263 2413 1306 2439 hic·
1331 2417 1354 2439 (Ἰ
1379 2413 1462 2447 infra.
1487 2410 1538 2448 (cc.
1557 2413 1621 2440 134.
1642 2412 1797 2440 1.37.144:

148 2467 188 2501 cf.
214 2476 236 2493 c.
256 2467 331 2495 138:
355 2464 559 2503 magisterium)
592 2467 624 2501 ci,
656 2467 703 2504 qui
731 2467 815 2494 ricem
843 2467 1039 2503 praelatorimt
1072 2470 1165 2493 tenent
1194 2463 1246 2502 (cf.
1273 2466 1356 2500 infra
1388 2476 1426 2492 00.
1450 2466 1515 2493 143.
1542 2462 1630 2501 1441·
1667 2475 1690 2491 ι’.
1716 2464 1796 2491 elsam

148 2519 244 2547 concil.
272 2519 398 2557 *Mo-(sunt.
424 2521 483 2548 813
507 2530 529 2547 (¹.
547 2521 582 2553 9:
611 2530 700 2556 supra
721 2530 751 2556 p.
769 2522 838 2549 263.
933 2520 962 2552 4)
988 2520 1017 2546 1'.
1044 2519 1124 2546 etiam
1150 2519 1233 2554 infra
1258 2519 1496 2551 malms—132,-
1533 2519 1572 2552 ‘'f-
1601 2516 1800 2554 (Jltrodeyangsi

149 2573 263 2610 regulae
281 2573 395 2609 praef,
428 2583 466 2600 cc.
484 2574 576 2601 5—7.
594 2574 612 2600 9
637 2570 668 2608 (l.
687 2574 703 2600 l.
724 2583 756 2609 p.
775 2574 801 2601 1.
819 2571 934 2609 6³qq7’.
1050 2573 1079 2598 5>
1114 2572 1161 2606 Cf·
1188 2573 1286 2609 refflda
1313 2571 1457 2598 Benedicti
1481 2582 1502 2598 c.
1521 2572 1560 2599 -12
1590 2568 1622 2607 (l.
1641 2571 1658 2597 l.
1680 2580 1710 2606 p.
1729 2568 1797 2605 44³¹:

217 2646 223 2652 .
248 2626 321 2652 omni
346 2630 472 2661 tempore
497 2627 555 2652 sive
580 2627 675 2652 ieiunii
701 2627 758 2652 sive,
784 2627 902 2661 prandii,
937 2627 958 2652 si
991 2630 1102 2661 tempus
1127 2626 1212 2652 fuerit
1238 2626 1357 2660 prandii,
1391 2635 1451 2651 mox
1480 2625 1651 2650 surrexerint
1677 2634 1693 2649 a
1717 2632 1797 2652 cena,

149 2680 269 2705 sedeant
293 2688 389 2706 omnes
414 2680 441 2705 in
466 2688 530 2712 uno,
557 2683 585 2705 et
610 2682 686 2713 legat
711 2688 781 2705 unus
806 2680 971 2706 collationes
992 2682 1035 2705 vcl
1057 2680 1128 2705 vitas
1146 2683 1257 2713 patrum
1274 2683 1321 2705 aut
1340 2682 1417 2705 ‹es-rte
1436 2678 1553 2712 aliquid,
1573 2678 1646 2711 quod
1664 2676 1796 2702 aedificet

149 2732 299 2759 audientes
324 2737 372 2760 ete.
423 2732 601 2760 &illationem
629 2732 850 2769 Clo-mlesyansjus
880 2733 1006 2768 appellat
1037 2729 1087 2768 (ezr
1106 2734 1135 2759 3.
1155 2734 1208 2761 33,-
1244 2732 1260 2758 l.
1284 2732 1300 2758 l.
1322 2741 1354 2767 p.
1372 2732 1444 2767 7sq.
1471 2728 1520 2765 ‘3:12'
1554 2730 1723 2764 capitulum,
1757 2728 1798 2763 cf.

151 2775 261 2819 O'lsner,
288 2784 479 2813 ‘Jahrbiiclzer
504 2786 550 2812 des
568 2784 760 2820 sriinlriselten
786 2785 904 2812 Κείς-1103
928 2789 1008 2812 untur
1036 2785 1130 2822 lx'iinig]
1157 2785 1276 2821 I'ippin'
1302 2785 1370 2812 2211.

1535 2840 1584 2866 51*

1812 603 1858 622 1011.
1869 603 1944 625 21,17.

1810 1026 1889 1046 Manu
1897 1026 1930 1048 21,
1938 1026 1970 1045 45.
