2242 3085
122 696 146 714 10

122 971 146 990 15

119 1237 145 1256 20

118 1514 144 1533 25

118 1781 144 1800 ³0

119 2140 143 2159 35

117 2371 143 2389 ⁴0

117 2685 143 2703 45

584 114 634 141 39.
672 92 888 141 eoNCILIUM
914 112 1241 144 AQUISGRANENSE
1267 113 1302 139 A.
1324 112 1397 139 816.
1751 109 1814 138 399

167 208 273 239 missis
298 219 361 239 non
385 207 457 249 plus
482 207 652 238 admittant
676 206 820 246 elericos,
853 217 950 247 quam
975 206 1055 236 ratio
1081 206 1155 236 sinit
1181 211 1212 236 et
1236 205 1372 236 facultas
1398 204 1556 236 ecclesiae
1582 205 1734 246 suppetit,
1764 216 1814 243 nc,

168 261 193 292 si
218 261 392 292 indiscrete
417 266 449 291 et
473 260 730 291 extraordinarie
756 259 863 300 plures
889 258 1149 300 adgregat-erint,
1182 270 1241 289 nee
1272 259 1358 300 ipsos
1384 257 1567 299 gubernare
1591 269 1652 288 nec
1678 258 1815 288 caeteris

167 314 325 345 ecelesiae
349 312 607 351 necessitatibus,
632 318 667 343 ut
691 318 827 354 oportet7
853 311 983 342 valeant
1008 311 1242 342 adminiculari.
1281 312 1362 342 Sunt
1379 323 1518 353 namque
1536 310 1679 341 nonnulli
1698 322 1815 341 vanam

167 366 301 408 gloriam
327 366 367 397 ab
392 365 575 397 hominibus
601 370 779 407 captanteS,
812 366 866 406 qpi
899 376 1103 395 numerosam
1137 364 1213 394 cleri
1239 365 1523 405 wingregatitmem
1548 364 1660 395 volunt
1684 363 1814 402 habere,

167 420 219 450 cui
243 430 303 450 nec
328 420 454 450 animae
479 429 539 449 nec
572 419 715 460 corporis
747 424 861 448 curant
892 417 1006 448 solatia
1039 417 1203 447 exhibere.
1250 417 1295 447 Hi
1326 429 1465 459 namque
1497 417 1603 448 taliter
1634 416 1814 458 adgregati,

166 472 242 503 dum
267 483 286 503 a
308 471 461 513 praelatis
487 471 647 513 stipendia
672 472 857 502 necessaria
881 482 944 501 non
970 471 1144 512 accipiunt,
1170 481 1275 512 neque
1301 471 1492 501 canonicum
1518 476 1649 501 servant
1670 470 1815 500 ordinem

165 536 225 556 nec
250 525 368 555 divinis
394 525 508 556 officiis
532 525 693 562 insistunt,
719 524 860 555 claustra
883 525 1136 565 societatemque
1162 523 1363 553 caeterorum
1389 523 1607 565 relinquentes
1633 524 1817 554 cfficiuntur

166 579 241 620 vagi
273 584 304 609 et
327 578 451 617 lascivi,
484 578 577 619 gulae
610 584 641 608 et
673 577 823 608 ebrietati
855 583 885 608 et
910 577 1046 607 caeteris
1079 577 1144 607 suis
1173 576 1392 617 voluptatibus
1425 576 1534 616 dediti,
1568 576 1722 618 quicquid
1755 575 1816 606 sibi

165 631 291 662 libitum
316 637 364 662 est
387 631 511 662 licitum
535 630 659 662 faciunt
669 633 687 661 ¹.
735 630 876 661 Proinde
901 630 1094 672 praepositis
1119 629 1265 660 sollerter
1289 629 1524 670 providendum
1551 635 1608 668 est,
1640 635 1674 660 ut
1698 630 1729 660 in
1754 629 1814 660 hoc

165 685 295 726 negotio
320 684 450 715 modum
477 684 680 715 discretionis
705 688 846 723 teneant,
880 683 1003 714 scilicet
1027 688 1061 713 ut
1086 694 1145 713 nec
1171 682 1252 724 plus,
1286 693 1382 724 quam
1415 688 1540 724 oportet
1565 688 1595 712 et
1620 682 1815 724 possibilitas

167 738 323 769 eeclesiae
349 738 499 779 suppetit,
532 737 565 767 in
597 738 849 778 congregatione
882 736 1052 767 admittant
1083 747 1142 766 nec
1169 747 1233 774 eos,
1267 747 1347 777 quos
1373 735 1608 766 rationabiliter
1633 735 1815 777 gubernare

166 796 309 832 possunt,
336 801 434 821 eausa
459 791 614 821 avaritiae
640 789 792 820 abiciant.

273 852 444 883 (JXVIIII.
480 852 540 883 De
565 852 646 892 his,
680 852 812 894 quiin
838 852 1173 893 congregatione
1199 850 1280 881 sibi
1313 851 1535 881 commissa
1559 849 1815 880 solummodo

166 917 214 937 ex
238 905 399 936 familia
423 905 633 936 eeclesiae
659 905 842 936 clericos
863 906 1075 947 adgregan
1084 910 1105 935 t,
1143 904 1225 935 Sunt
1242 903 1395 943 nonnulli,
1422 904 1477 945 qui
1494 908 1618 934 tantum
1636 914 1677 933 ex
1694 903 1816 934 familia

166 959 387 990 ecclesiastica
413 959 548 990 clericos
574 960 605 989 in
631 958 692 989 sibi
717 959 896 989 commissis
922 964 1122 1000 congregant
1147 957 1294 988 ecclesiis
1311 962 1341 987 et
1360 956 1432 987 ideo
1450 956 1510 987 hoc
1528 956 1636 987 facere
1654 956 1814 995 videntur,

166 1018 209 1052 ut,
240 1013 266 1043 si
292 1012 420 1054 quando
446 1013 492 1043 eis
525 1012 647 1054 aliquid
678 1011 917 1042 incommodum
950 1012 1085 1042 fecerint
1117 1016 1171 1041 aut
1203 1010 1365 1052 stipendia
1396 1016 1553 1051 oportuna
1586 1009 1815 1048 subtraxerint,

165 1065 243 1096 nihil
261 1066 503 1107 quaerimoniae
529 1071 641 1096 contra
666 1076 699 1095 se
725 1064 854 1096 obicere
881 1070 1098 1106 praesumant,
1124 1065 1273 1094 timentes
1299 1063 1432 1102 scilicet,
1458 1074 1497 1093 ne
1523 1068 1578 1093 aut
1602 1063 1815 1093 severissimis

164 1118 356 1150 verberibus
381 1118 565 1150 afficiantur
589 1124 644 1149 aut
668 1118 827 1148 humanae
853 1118 999 1148 servituti
1025 1117 1130 1148 denuo
1156 1116 1331 1147 crudeliter
1362 1116 1563 1147 addicantur.
1612 1116 1683 1146 Hoc
1709 1122 1815 1146 autem

164 1183 227 1203 non
259 1172 332 1203 ideo
365 1172 492 1211 dicitur,
524 1178 558 1203 ut
590 1183 630 1203 ex
662 1171 785 1202 familia
817 1171 974 1202 ecclesiae
1007 1170 1184 1212 probabilis
1209 1171 1295 1200 vitae
1327 1170 1359 1200 in
1386 1170 1636 1210 congregatione
1662 1181 1726 1199 non
1752 1169 1815 1199 sint

164 1225 365 1265 admittendi,
397 1226 587 1267 praesertim
620 1236 693 1256 eum
724 1224 811 1266 apud
836 1225 943 1255 Deum
976 1235 1039 1254 non
1064 1224 1104 1254 sit
1129 1234 1339 1265 personarum
1366 1223 1523 1264 acceptio,
1556 1222 1613 1253 sed
1638 1223 1754 1264 potius⁷
1780 1228 1814 1253 ut

164 1284 296 1321 propter
320 1290 417 1320 quam
440 1278 605 1309 intulimus
636 1279 840 1309 occasionem
869 1277 974 1308 nullus
999 1277 1215 1318 praelatorum
1242 1276 1374 1306 seclusis
1399 1275 1560 1306 nobilibus
1585 1275 1665 1306 viles
1690 1281 1814 1306 tantum

165 1333 196 1362 in
221 1343 279 1362 sua
304 1332 556 1373 congregatione
582 1331 753 1362 admittant
777 1342 932 1372 personas
945 1334 964 1360 ².

271 1393 376 1424 CXX.
415 1393 492 1432 Qui
517 1393 666 1424 cleriei
692 1393 729 1423 in
755 1393 1089 1434 congregatione
1115 1393 1319 1423 canonica
1350 1392 1575 1422 constituti
1608 1391 1814 1421 ecclesia-

164 1447 271 1478 stica
295 1448 491 1488 accipere
518 1445 699 1477 debeant
724 1445 947 1487 stipendia.
990 1446 1075 1484 Quia
1100 1450 1285 1476 sanctorum
1310 1450 1438 1486 patrum
1466 1455 1564 1485 supra
1588 1449 1717 1475 notatae
1743 1455 1813 1475 sen-

163 1501 281 1531 tentiae
307 1500 425 1531 docent
449 1500 584 1531 clericos
616 1511 678 1530 non
704 1499 890 1530 divitiarum
915 1504 1091 1530 sectatores
1123 1509 1193 1529 csse
1225 1509 1286 1528 nec
1317 1509 1368 1528 res
1399 1497 1609 1528 ecclesiarum
1635 1497 1813 1529 inofficiose

164 1554 313 1595 accipere
328 1553 458 1593 debere,
476 1565 539 1584 non
558 1552 598 1583 ab
616 1564 650 1583 re
668 1553 852 1594 putavimus
870 1552 1023 1582 nonnulla
1040 1551 1182 1593 capitula
1198 1551 1271 1581 libri
1285 1551 1437 1592 Prosperi
1455 1550 1495 1581 ad
1511 1550 1651 1581 medium
1673 1550 1813 1592 exempli

164 1618 261 1638 eausa
278 1606 451 1646 deducere,
477 1607 509 1637 in
527 1605 643 1648 quibus
668 1606 711 1636 ita
737 1605 869 1647 legitur:
897 1610 951 1640 Qui
963 1608 974 1625 3
993 1609 1130 1636 ecclesiae
1151 1610 1275 1635 serviunt
1297 1613 1325 1635 et
1348 1618 1390 1641 ea,
1417 1609 1518 1643 quibus
1536 1618 1606 1643 opus
1626 1618 1680 1634 non
1697 1609 1814 1640 liabent,

163 1668 211 1691 aut
235 1665 358 1691 libenter
389 1665 530 1699 accipiunt
554 1668 602 1690 aut
629 1665 743 1698 exigunt
768 1664 847 1689 nimis
872 1663 1022 1689 carnaliter
1046 1663 1168 1697 sapiunt.
1217 1658 1299 1688 Item
1327 1657 1387 1687 ibi:
1421 1660 1514 1688 Satis⁴
1541 1662 1644 1696 quipp«¹
1670 1662 1815 1695 indignum

164 1722 217 1750 est,
242 1719 263 1744 si
284 1717 375 1743 tidelis
397 1722 424 1744 et
449 1726 567 1752 operosa
587 1718 699 1743 devotio
719 1717 883 1743 elericorum
903 1720 1020 1751 propter
1043 1716 1214 1750 stipendium
1239 1715 1383 1741 saeculare
1408 1715 1532 1749 praemia
1557 1715 1728 1749 sempiterna
1748 1723 1812 1741 con-

163 1776 280 1798 temnat.
328 1766 409 1797 Item
435 1765 496 1796 lbi:
524 1768 574 1796 Si³3
598 1774 715 1805 propter
738 1770 789 1796 hoc¹
814 1779 868 1796 non
893 1770 952 1795 vult
977 1779 1027 1796 sua
1051 1770 1169 1803 quisquc
1194 1769 1366 1803 relinquere⁷
1391 1773 1421 1794 ut
1445 1769 1549 1794 habeat
1574 1769 1648 1794 undo
1671 1769 1757 1800 vivat,
1784 1772 1814 1794 ut

164 1825 229 1859 quid
255 1825 355 1858 accipit
385 1825 460 1850 uude
489 1825 626 1850 rationem
654 1824 778 1850 reddat?
827 1823 864 1849 Ut
891 1824 957 1857 quid
982 1823 1106 1857 peccatis
1132 1822 1230 1848 alienis
1255 1831 1303 1847 sua
1327 1821 1518 1856 multiplicat?
1566 1817 1625 1847 His
1655 1817 1752 1858 igitur
1783 1823 1813 1847 ct

164 1879 365 1904 caeterorum
390 1878 573 1903 sanctorum
599 1878 724 1913 patrum
749 1872 844 1902 dictis
870 1871 1042 1913 diligenter
1065 1870 1301 1901 animadversis
1320 1870 1470 1900 studeant
1487 1881 1620 1900 necesse
1639 1876 1685 1900 est
1704 1870 1813 1900 clerici

164 1927 195 1957 in
221 1925 420 1968 accipiendis
446 1925 676 1956 ecclesiasticis
701 1924 882 1966 sumptibus
907 1936 998 1956 suum
1024 1925 1126 1955 vitare
1151 1923 1340 1965 periculum.
1380 1923 1522 1953 Proinde
1548 1924 1601 1964 qui
1628 1929 1658 1953 ct
1684 1934 1757 1953 suas
1783 1929 1813 1953 et

163 1979 321 2011 ecclesiae
346 1978 466 2010 habent
490 1978 660 2009 facultates
687 1984 717 2008 et
741 1978 910 2008 utilitatem
937 1977 1095 2008 ecclesiae
1127 1983 1182 2007 aut
1214 1977 1347 2007 interius
1380 1982 1433 2007 aut
1465 1977 1606 2007 exterius
1632 1976 1811 2015 wnferunt,

270 2132 397 2156 CXVIII.
428 2133 439 2155 1
462 2140 494 2155 nc
516 2129 546 2162 ¹si]
566 2132 588 2155 si
609 2132 679 2155 enim
700 2131 730 2154 L.
812 2132 826 2155 2
848 2128 1070 2160 extraordinarie]
1092 2133 1167 2154 extra
1188 2130 1308 2153 ordinem
1329 2129 1359 2152 L.
1380 2130 1416 2153 ,1[.
1490 2132 1504 2153 3
1526 2129 1642 2153 ccclesia
1663 2129 1693 2153 15.
1768 2129 1812 2153 ad-

163 2176 286 2201 miculari
307 2176 336 2200 P.
420 2176 487 2200 Sunt
506 2173 632 2207 namque]
653 2179 768 2206 suntque
791 2175 820 2200 11’.
904 2176 919 2198 4
940 2172 1100 2204 hominibus]
1123 2174 1257 2197 ominibus
1278 2174 1310 2197 B.
1394 2175 1408 2197 Γ)
1432 2172 1477 2205 lli]
1498 2175 1524 2197 Si
1545 2174 1577 2197 B.
1659 2171 1811 2205 adgregati]

163 2221 357 2252 adcongregati
378 2220 410 2244 B.
432 2220 458 2244 C.
533 2221 547 2244 8
567 2220 710 2244 aebrietati
732 2220 762 2245 11¹.
783 2220 933 2243 aebrietate
958 2219 986 2247 Ι),
1007 2220 1138 2242 ebrietat«¹
1161 2219 1187 2240 (ἃ
1264 2219 1294 2241 12
1315 2219 1436 2242 avaricia
1457 2218 1486 2241 P.

270 2273 410 2297 CXVIHI.
442 2274 472 2297 14
493 2282 524 2297 ex
541 2285 576 2289 —
590 2270 733 2303 eeclesiae]
753 2272 886 2297 ecclesiae
908 2280 939 2296 ex
959 2271 1062 2295 familia
1083 2271 1112 2295 Ρ.
1198 2269 1358 2303 adgregant]
1381 2271 1561 2302 adgregentur
1583 2271 1610 2294 Ι).
1699 2272 1729 2295 15
1750 2271 1811 2295 ideo

163 2316 223 2348 hoc}
246 2318 280 2341 im
301 2318 332 2347 R,
360 2318 410 2341 hoe
430 2318 491 2341 ideo
511 2318 564 2341 rell.
638 2317 761 2341 videnter
783 2317 812 2340 J›'.
888 2317 918 2340 17
940 2317 1065 2340 obiecere
1086 2316 1118 2339 Β.
1190 2316 1220 2339 19
1240 2315 1359 2339 familiae
1380 2315 1412 2339 B.
1477 2312 1559 2346 vitae]
1580 2315 1672 2339 ‹elei-ivi
1692 2316 1725 2340 al.
1745 2325 1812 2339 man.

161 2372 282 2395 superse-r.
301 2362 332 2386 L.
405 2363 435 2386 21
459 2362 645 2386 occassionem
666 2361 698 2385 B.
772 2361 838 2385 nulli
860 2361 895 2384 M.
970 2362 1002 2384 22
1021 2361 1145 2384 admittat
1165 2368 1176 2383 ε
1194 2368 1258 2383 corr.
1277 2359 1308 2383 1,.

270 2415 350 2439 CXX.
380 2416 412 2439 26
434 2412 478 2446 ab]
498 2415 532 2439 ad
552 2414 582 2438 L.
674 2416 707 2439 28
734 2415 802 2439 Item
830 2415 866 2438 ibi
894 2414 933 2438 hic
957 2418 980 2437 et
1005 2413 1076 2445 infra
1101 2422 1172 2437 erasa
1198 2413 1223 2437 in
1248 2413 1284 2437 Jl.
1377 2414 1409 2437 29
1430 2416 1603 2444 contempnat
1624 2413 1653 2437 L.
1676 2413 1705 2437 lx.
1729 2413 1754 2437 (J.
1775 2413 1810 2437 Μ.

163 2462 196 2485 30
216 2457 333 2492 proptor]
354 2463 445 2491 proter
464 2459 496 2483 B.
561 2460 590 2483 31
614 2460 718 2490 accepit
738 2459 768 2482 L.
835 2456 894 2488 His]
917 2459 943 2481 Is
964 2458 994 2481 11⁶.
1061 2460 1092 2482 32
1113 2455 1318 2488 animadversis]
1340 2458 1410 2481 enim
1431 2458 1552 2481 adversis
1573 2458 1605 2481 lt.
1673 2459 1705 2481 33
1726 2457 1810 2480 ercle-

163 2502 290 2535 siastivisj
312 2512 422 2528 neccsse
444 2508 485 2527 est
506 2504 532 2527 C.
606 2511 668 2527 suas
689 2502 820 2527 ecclcsiae
842 2503 871 2526 Ι).

274 2620 301 2653 l)
329 2620 377 2655 Qf-
403 2620 501 2656 '‘e-«sula
526 2619 672 2646 Benedicti
695 2629 717 2646 c.
737 2620 751 2647 1
778 2619 820 2646 ed.
848 2618 978 2655 llr'oefflin
1000 2628 1032 2654 J).
1049 2620 1079 2646 8.
1154 2618 1184 2651 2)
1211 2619 1259 2653 (J.
1279 2619 1383 2645 Kar-oli
1400 2619 1442 2645 M.
1468 2619 1624 2654 capilularz‘
1647 2620 1708 2647 802
1733 2629 1754 2644 ν.
1776 2620 1811 2646 lo'

163 2673 250 2711 (MG.
270 2673 362 2711 Capit.
381 2673 404 2707 I,
422 2674 476 2706 94f
502 2670 708 2700 ,iliilzlbmrlzer‘l
728 2682 755 2699 η.
773 2670 853 2707 381),
880 2671 1002 2708 capitula
1028 2672 1061 2698 (Ie
1085 2671 1176 2698 causis·
1200 2682 1258 2698 cum
1284 2672 1418 2707 episcopis
1443 2676 1467 2698 ιθ]
1490 2671 1631 2698 abbatibus
1655 2671 1812 2698 tractandis

162 2729 219 2757 811
246 2729 324 2757 c.1()
355 2723 386 2763 (l.
405 2727 421 2753 l.
444 2726 467 2759 l,
487 2727 559 2758 163;
586 2723 792 2752 „lliihlhaclter2
816 2735 843 2752 n.
860 2722 942 2760 463).
1018 2725 1047 2757 3)
1072 2724 1200 2752 Iulianus
1224 2724 1378 2758 Γοηιοῗνίιιὸ·7
1404 2725 1448 2751 De
1474 2724 1527 2751 rim
1552 2723 1764 2760 ‹ontenzplativa
1783 2724 1814 2750 Il

163 2792 184 2809 c.
204 2783 258 2814 10;
283 2781 300 2807 l.
319 2781 337 2807 l.
357 2790 390 2817 p.
408 2781 454 2808 33.
527 2779 556 2812 4)
583 2778 698 2805 Ibidem.
770 2778 800 2810 5)
826 2777 942 2804 Ibidem.
975 2778 1006 2804 V.
1023 2787 1112 2814 supra
1132 2788 1164 2814 p.
1183 2779 1243 2806 382
1263 2779 1280 2804 l.
1299 2780 1339 2806 20
1355 2788 1414 2814 sqq.
1436 2778 1473 2805 2-1
1492 2788 1532 2813 sq.
1553 2787 1585 2813 ῃ.
1604 2780 1662 2805 383
1683 2778 1700 2803 l.
1718 2778 1735 2804 -1
1749 2787 1808 2813 sqq.

1834 1235 1862 1254 ef.
1870 1234 1953 1258 Eph.6,
1961 1235 1979 1255 9.
