2242 3085
102 703 127 722 10

101 971 126 990 15

100 1247 126 1265 20

100 1525 125 1543 25

100 1790 126 1809 ³0

100 2056 125 2075 35

98 2390 125 2408 40

98 2620 125 2638 »15

565 112 615 138 39.
653 111 870 138 CONCILIUM
895 110 1222 142 AQUISGRANENSE
1248 112 1283 138 A.
1307 112 1379 139 816.
1732 111 1795 141 383

148 209 211 235 cilia
234 218 289 235 non
313 209 483 235 facientibus
508 214 582 242 sunt,
609 210 703 236 statim
728 209 821 235 facilia
844 208 1015 235 facientibus
1039 208 1120 235 fiunt.
1157 209 1219 235 Non
1245 219 1312 245 ergo
1333 219 1376 239 ea,
1402 220 1473 245 quae
1490 211 1618 237 nolumus
1635 212 1796 244 observare,

148 262 346 296 inpossibilitas
371 263 450 289 nobis
474 263 542 289 facit
567 263 646 295 dura,
671 263 721 289 sed
745 263 865 289 novitas.
901 262 933 287 In
957 271 1037 287 usum
1061 262 1175 288 veniant
1202 266 1230 289 et
1255 264 1394 290 neminem
1419 264 1602 298 frequentata
1618 266 1797 292 conturbant.

146 315 217 341 Nam
242 324 357 350 quaero,
383 316 451 349 quid
475 316 511 342 sit
537 325 642 348 eorum,
668 324 740 350 quae
766 316 833 348 dixi,
858 314 990 341 difficile:
1016 318 1047 340 ut
1072 315 1152 341 homo
1176 316 1214 347 id⁷
1241 317 1315 350 quod
1339 326 1409 351 opus
1430 326 1484 343 non
1502 317 1598 350 habet,
1625 319 1659 344 ab
1678 319 1798 345 ecclesia

146 377 200 394 non
224 369 343 402 accipiat
367 378 401 394 an
432 372 463 394 nt
495 370 569 404 quod
593 378 663 403 opus
687 377 741 395 non
765 369 853 395 habet
877 369 936 394 sine.
962 376 1047 394 causa
1070 369 1274 402 contempnat?
1314 369 1341 395 Si
1366 374 1482 404 propter
1506 371 1557 397 hoc
1582 381 1637 397 non
1662 372 1721 398 vult
1747 382 1797 399 sua

147 422 265 456 quisquc
290 421 461 456 relinquere,
495 426 525 448 nt
550 422 655 448 habeat
684 422 758 448 unde
783 422 869 454 vivat,
895 425 925 447 ut
951 421 1017 455 qnid
1043 421 1144 455 accipit
1176 422 1251 448 unde
1276 423 1413 449 rationem
1437 425 1549 453 reddat.
1578 429 1609 450 ut
1635 426 1701 459 quid
1727 435 1794 460 pec-

147 475 217 501 catis
241 475 339 501 alienis
364 484 414 501 sua
437 475 626 510 multiplicat?

254 531 374 564 CVIII.
410 532 643 574 Prosperi,
676 533 748 574 qui
773 532 863 562 sint
887 532 959 574 qui
985 532 1117 562 etiam
1148 543 1238 562 eum
1263 533 1471 574 profectu
1497 536 1667 566 animae
1693 547 1796 566 suae

147 584 306 627 opibus
338 590 656 616 sustentantur
686 584 925 616 ecclesiae.
972 587 1094 624 Itaque]
1127 591 1269 622 sacerdos,
1301 591 1343 617 cui
1376 592 1594 625 dispensationis
1626 603 1692 619 cura
1722 603 1795 620 eom-

147 643 230 669 missa
254 647 307 676 cst,
338 652 393 670 non
425 643 512 669 solum
544 644 602 669 sine.
628 643 795 677 cupiditate,
828 643 877 669 sed
910 643 994 669 ctiam
1026 652 1087 669 cum
1118 643 1202 669 laude
1227 644 1361 678 piaetatis
1385 645 1487 679 accipit
1513 655 1528 671 a
1552 647 1656 680 populo
1681 648 1795 681 dispen-

146 697 235 722 sanda
255 700 283 723 ct
307 696 432 723 fideliter
456 697 601 731 dispensat
626 700 754 730 accepta,
780 696 847 730 quia
870 696 962 722 onmia
985 705 1035 722 sua
1059 700 1105 722 aut
1129 697 1243 731 reliquit
1269 700 1317 723 aut
1343 698 1480 724 ecclesiae
1506 699 1590 725 rebus
1614 700 1739 726 adiunxit
1767 704 1795 726 et,

146 759 175 776 se
201 750 228 776 in
252 759 367 776 numero
391 759 547 784 pauperum
571 750 748 784 paupertatis
773 758 865 776 amore
891 750 1047 782 constituit,
1074 750 1114 775 ita
1137 753 1178 782 ut,
1203 751 1279 776 unde
1304 751 1477 785 pauperibus
1502 753 1705 786 subministrat⁷
1731 754 1795 780 inde

147 807 175 829 ct
207 804 267 838 ipse
299 806 440 837 tamquam
470 812 579 837 pauper
610 802 782 829 voluntarius
813 803 900 829 vivat.
948 802 1049 829 Clerici
1082 812 1205 838 quoque,
1238 812 1307 838 quos
1338 813 1478 838 pauperes
1511 809 1557 831 aut
1591 806 1719 832 voluntas
1750 811 1797 832 aut

145 857 277 883 nativitas
301 856 381 889 fecit,
407 865 469 882 cum
493 856 670 890 perfectione
695 857 808 882 virtutis
833 857 908 882 vitae
933 857 1103 889 necessaria,
1136 857 1194 883 sive
1220 857 1247 882 in
1272 857 1399 883 domibus
1424 859 1480 884 suis
1505 859 1563 884 sive
1588 859 1615 884 in
1641 868 1795 894 congrega-

146 910 221 936 tione
252 910 392 942 viventes,
424 910 573 944 accipiant.
607 910 673 944 quia
704 910 739 936 ad
772 919 806 936 ea
836 910 1003 944 accipienda
1032 919 1087 936 non
1121 919 1168 936 cos
1198 910 1323 937 habendi
1354 912 1493 945 cupiditas
1526 913 1614 944 ducit,
1646 913 1695 939 sed
1721 914 1797 948 cogit

147 963 258 989 vivendi
283 963 447 989 necessitas,

254 1020 390 1051 CVIIII.
427 1021 661 1062 Prosperi,
695 1020 799 1062 quid
830 1021 982 1052 facere
1015 1020 1209 1052 debeant
1237 1021 1419 1062 clerici⁷
1455 1034 1634 1064 quorum
1666 1024 1796 1054 infir-

145 1074 274 1104 mitas
298 1085 381 1105 non
405 1079 556 1116 potest
581 1085 656 1105 sua
680 1079 1009 1116 contempnere.
1046 1078 1112 1105 Illi’2
1136 1083 1242 1111 autem,
1268 1080 1316 1114 qui
1340 1084 1396 1106 tam
1421 1080 1520 1107 infirmi
1537 1085 1612 1114 sunt⁷
1637 1086 1668 1108 ut
1684 1092 1796 1117 posscs-

145 1132 268 1159 sionibus
292 1133 349 1158 suis
372 1132 535 1158 renuntiare
567 1141 621 1158 non
646 1132 764 1166 possint,
797 1132 818 1158 si
851 1141 893 1165 ea,
927 1142 999 1167 quae
1032 1133 1176 1168 accepturi
1209 1137 1299 1166 erant,
1333 1134 1519 1168 dispensatori
1544 1135 1704 1170 relinquant
1729 1136 1796 1161 nihil

145 1186 316 1212 habentibus
347 1185 529 1217 conferenda.
563 1186 622 1212 sine
654 1189 773 1220 peccato
804 1186 950 1220 possident
981 1196 1040 1218 sua⁷
1075 1187 1140 1221 quia
1171 1190 1199 1213 et
1230 1187 1281 1221 ipsi
1315 1188 1518 1221 quodammodo
1549 1198 1599 1214 sua
1622 1189 1796 1223 relinquunt,

146 1240 258 1273 quando
282 1239 400 1273 propriis
426 1239 551 1265 contenti
576 1239 661 1265 rebus
685 1239 753 1265 nihil
779 1248 883 1271 eorum,
917 1249 988 1274 quae
1014 1240 1102 1266 labori
1127 1240 1172 1266 vel
1197 1240 1285 1266 ordini
1311 1250 1360 1266 suo
1385 1241 1483 1267 deberi
1509 1242 1691 1274 arbitrantur,
1723 1243 1795 1268 acci-

145 1293 236 1327 piunt.
274 1292 380 1323 Quodsi
405 1296 507 1327 putant
533 1293 596 1319 ideo
621 1293 709 1327 accipi
735 1293 841 1319 debere
868 1302 972 1326 eorum,
1000 1302 1072 1328 qnae
1098 1293 1282 1320 conferuntur
1306 1294 1454 1327 ecclesiae,
1480 1295 1648 1329 portionem,
1673 1304 1709 1321 ne
1736 1305 1796 1321 eam

146 1346 294 1372 videantur
318 1346 441 1377 abicere,
474 1355 503 1371 se
535 1355 601 1372 vero
626 1355 680 1372 non
704 1355 786 1380 posse
813 1355 862 1372 sua
886 1346 1059 1381 relinquere,
1093 1347 1167 1381 quod
1193 1347 1232 1373 eis
1258 1347 1383 1374 deforme
1409 1348 1445 1373 sit
1469 1348 1543 1374 inter
1567 1358 1630 1375 suos
1655 1358 1797 1383 pauperes

145 1400 236 1431 reddi,
261 1400 389 1425 noverint
413 1409 443 1426 se
469 1408 531 1426 csse
557 1399 708 1425 deformius
733 1409 908 1434 possessores
933 1401 968 1426 (le
995 1400 1152 1426 elemosinis
1176 1409 1332 1434 pauperum
1356 1402 1443 1435 pasci.

253 1456 322 1487 CX.
368 1457 601 1498 Prosperi,
644 1468 753 1499 quae
795 1458 884 1488 sint
923 1468 1028 1488 vera
1067 1457 1231 1499 gaudia
1270 1458 1339 1488 vel
1380 1469 1483 1489 vere
1525 1459 1720 1490 divitiae
1757 1465 1797 1491 et

146 1510 250 1553 quid
274 1510 584 1552 impedimenti
610 1510 810 1542 afferant
834 1510 940 1542 bona
964 1512 1209 1553 praesentia
1233 1511 1511 1543 amatoribus
1536 1512 1794 1544 futurorum.

146 1566 245 1601 Heu‚³
269 1578 352 1603 quam
385 1569 529 1595 subtiliter
560 1578 608 1595 nos
640 1569 686 1595 ille
713 1569 873 1604 decipiendi
905 1570 1006 1596 artifex
1031 1569 1114 1601 fallit⁷
1148 1573 1255 1604 quanta
1285 1571 1406 1597 cecitate
1432 1571 1526 1597 oculos
1550 1575 1663 1598 nostrae
1695 1572 1796 1597 mentis

144 1622 270 1654 obducit,
294 1631 330 1647 nc
355 1622 546 1648 discernamus
570 1623 712 1657 gaudendi
736 1623 810 1649 avidi
834 1623 909 1649 unde
935 1623 1033 1649 iustius
1057 1624 1230 1657 gaudeamus
1255 1627 1303 1649 aut
1328 1633 1363 1650 ne
1389 1625 1538 1658 cupientes
1569 1625 1666 1659 augeri
1692 1625 1796 1651 divitiis

144 1676 312 1708 noverinnm,
339 1685 407 1709 quas
432 1676 532 1710 quibus
557 1676 814 1710 incomparabiliter
837 1677 1040 1710 praeferamus.
1084 1677 1154 1703 Nam
1179 1677 1304 1711 gaudere
1330 1677 1442 1711 quidem
1467 1678 1569 1703 bonnm
1595 1683 1648 1710 est,
1674 1679 1723 1704 scd
1749 1679 1795 1713 qui

144 1729 261 1763 gaudet,
286 1729 307 1754 si
333 1738 387 1754 non
411 1729 476 1755 inde
502 1729 636 1763 gaudeat,
662 1731 737 1756 unde
763 1730 862 1762 debet,
888 1739 942 1756 non
959 1733 1056 1764 potest
1073 1730 1176 1756 bonum
1194 1739 1255 1756 csse
1274 1731 1348 1764 quod
1365 1731 1482 1765 gaudet.
1519 1730 1665 1765 Siquidem
1689 1732 1795 1766 gaudet

146 1786 174 1807 et
199 1786 304 1816 raptor,
336 1791 398 1807 cum
430 1782 592 1809 desiderata
624 1783 765 1817 rapnerit;
797 1784 904 1818 gaudet
937 1787 965 1809 et
997 1784 1134 1815 ebriosus,
1167 1793 1227 1809 cum
1260 1787 1412 1818 exoptatae
1443 1785 1617 1811 occasionem
1642 1785 1795 1819 potationis

145 1835 301 1867 invenerit3
327 1836 434 1869 gaudet
460 1839 489 1862 et
514 1836 636 1868 adulter,
662 1845 723 1862 cum
748 1837 783 1863 ad
809 1836 1027 1863 delectationem
1052 1836 1165 1863 fruendi
1197 1837 1318 1871 eorporis
1343 1838 1483 1872 concupiti
1516 1839 1689 1872 pervenerit.
1738 1838 1794 1864 Sed

145 1898 206 1914 cum
232 1889 265 1914 sit
291 1889 415 1923 gaudere
440 1889 552 1922 bonum,
578 1890 612 1915 de
637 1889 679 1915 his
704 1894 789 1924 atque
815 1891 850 1916 de
874 1890 1066 1916 huiuscemodi
1090 1891 1216 1925 gaudere
1241 1891 1348 1925 grande
1375 1895 1417 1917 est
1442 1892 1553 1918 malum.
1595 1892 1673 1918 Haec
1700 1896 1728 1917 et
1753 1892 1795 1917 liis

144 1942 243 1968 similia
267 1945 341 1975 sunt7
373 1943 448 1969 unde
473 1952 522 1969 nos
547 1944 672 1977 gaudere
698 1943 758 1969 vult
782 1944 910 1976 mundus,
937 1953 998 1970 cum
1023 1944 1080 1969 suis
1104 1944 1273 1970 amatoribus
1302 1945 1454 1979 periturus.
1504 1945 1582 1971 Ilaec
1614 1950 1688 1973 sunt.
1722 1955 1794 1979 qnae

145 1995 294 2029 repudiare
319 1996 465 2029 debemus,
498 2000 529 2022 ut
561 1997 595 2022 de
620 1997 694 2022 bona
718 1997 900 2029 conscientia,
926 1997 960 2023 «le
987 1997 1138 2023 sanctitate
1164 2006 1278 2030 morum,
1310 1998 1344 2024 de
1371 1999 1559 2032 adquisitione
1585 1999 1728 2026 virtutum,
1759 1999 1792 2024 111·

145 2049 217 2075 dono
242 2049 296 2075 Dei
323 2053 351 2075 et
376 2049 410 2075 (le
436 2050 617 2083 promissione
642 2049 730 2075 futuri
754 2050 835 2084 regni
859 2050 1040 2076 ineffabiliter
1063 2051 1246 2085 gaudeamus.
1294 2052 1385 2077 Ditari
1412 2061 1523 2086 quoque
1553 2052 1656 2077 divitiis
1687 2053 1794 2084 grande

252 2188 337 2212 CVII.
369 2190 379 2212 1
403 2187 505 2219 facilia]
528 2189 621 2221 t'agilia
640 2198 702 2213 corr.
723 2189 804 2214 ticilia
826 2190 858 2213 B.
931 2191 946 2214 2
968 2188 1141 2220 conturbant]
1163 2191 1321 2221 perturbant
1342 2191 1377 2215 ΑΙΙ.
1458 2192 1471 2214 4
1494 2200 1560 2223 opus
1581 2201 1634 2215 non
1654 2192 1742 2216 desum
1765 2192 1793 2216 71.

145 2236 299 2256 contemnat
320 2234 356 2257 M.
430 2235 444 2257 5
466 2235 578 2265 quisque
598 2234 662 2258 deese
682 2235 714 2258 ll.

253 2286 356 2310 CVIII.
388 2288 418 2311 10
439 2290 483 2310 aut
503 2285 646 2317 ecelesiae]
669 2288 701 2311 ab
723 2287 856 2311 ecclesiae
876 2288 907 2312 L.
973 2288 1112 2312 adiuncxit
1133 2288 1164 2312 R.
1232 2290 1259 2312 11
1283 2286 1382 2319 amore]
1403 2297 1528 2313 amovere
1550 2289 1579 2313 L.
1647 2291 1677 2314 12
1699 2290 1793 2314 volun-

145 2331 209 2354 taris
231 2330 261 2354 ll.
337 2332 367 2354 13
388 2332 565 2362 congreg-atio
586 2331 616 2355 L.
693 2333 723 2355 14
745 2333 860 2356 viventis
881 2332 912 2356 L.
986 2334 1060 2362 cogit
1074 2346 1106 2348 —
1122 2330 1279 2363 necessitas]
1299 2334 1407 2357 vivendi
1430 2335 1577 2358 necessitas
1599 2336 1673 2364 cog-it
1693 2335 1728 2358 M.

252 2384 368 2408 CVIIII.
399 2385 429 2408 17
457 2388 629 2409 contemnere
651 2385 680 2409 l..
700 2385 737 2409 M.
831 2387 861 2409 113
888 2389 1002 2416 possunt
1022 2386 1054 2410 lt.
1148 2387 1178 2410 19
1206 2386 1341 2410 relincunt
1361 2387 1392 2410 ΙΙ.
1484 2389 1516 2411 20
1544 2388 1637 2412 ordine
1657 2388 1688 2411 Ji’.
1712 2388 1740 2412 1,.
1762 2388 1793 2412 Ιί.

145 2429 177 2452 22
198 2425 236 2458 sc]
257 2429 279 2451 si
299 2428 330 2452 L.
351 2428 382 2452 B.
457 2429 489 2452 23
511 2428 659 2453 elimosinis
680 2429 710 2454 L.

252 2482 307 2505 ('X.
336 2482 369 2505 ‘24
397 2490 458 2505 vere
478 2482 543 2505 deest
562 2482 597 2506 Δ11.
690 2484 722 2507 25
744 2484 927 2514 inpedimenta
951 2483 979 2507 ΙῙ.
1072 2484 1191 2507 futurum
1212 2484 1242 2510 L.
1336 2485 1367 2509 27
1388 2485 1495 2509 divitias
1516 2485 1548 2509 Ja'.
1641 2487 1673 2509 30
1693 2486 1792 2516 gaudet

145 2526 268 2549 ebriosus
287 2534 299 2549 c
317 2534 380 2549 corr.
401 2526 432 2549 B.
519 2528 549 2550 31
572 2528 710 2551 concubiti
730 2527 762 2552 lt.
782 2527 814 2551 Β.
900 2529 1053 2559 pervenerit
1072 2528 1137 2552 deest
1158 2529 1188 2552 Β.
1274 2530 1307 2553 32
1328 2533 1405 2560 atque
1427 2530 1612 2554 huiuscemodi
1637 2530 1666 2554 lt.
1753 2535 1790 2553 est

145 2568 255 2600 malum]
276 2569 371 2594 malum
393 2574 433 2594 est
453 2570 488 2593 JI.
563 2572 595 2594 33
616 2569 695 2602 qnae]
716 2580 768 2602 qna
788 2572 820 2596 B.
901 2574 930 2595 34
954 2572 986 2596 (le
1007 2570 1163 2602 sanctitate]
1186 2574 1234 2597 sed
1254 2575 1398 2598 sanctitate
1422 2573 1449 2601 L,
1478 2575 1620 2598 sanctitate
1645 2575 1672 2598 15.
1748 2575 1791 2597 :nl-

145 2615 302 2646 qnesiciono
324 2615 354 2638 15.
429 2616 461 2638 35
483 2616 624 2646 promissio
647 2614 675 2645 L,
701 2617 865 2647 promisione
889 2616 918 2640 Ιί.

254 2732 281 2765 1)
307 2731 434 2759 Iulianus
452 2731 604 2765 Panem-ius,
633 2732 675 2759 lh:
692 2732 747 2759 eila
764 2734 977 2770 contenplativa
994 2734 1027 2761 ll
1047 2745 1069 2762 e.
1092 2736 1142 2769 II;
1167 2736 1239 2772 opp.
1260 2735 1396 2772 Prosperi
1411 2746 1479 2771 (epp.
1506 2736 1554 2762 eol.
1573 2738 1620 2763 :152
1692 2736 1721 2763 2)
1750 2735 1790 2762 ΙΙ).

143 2784 177 2811 ll
197 2794 219 2812 C.
240 2786 293 2817 125·
318 2785 334 2812 l.
354 2786 370 2812 l.
397 2786 446 2812 cul.
465 2786 510 2813 3⁴1.
606 2785 634 2818 3)
663 2785 705 2812 Il).
733 2786 763 2812 ΙΙ
785 2797 806 2812 1·-
826 2788 878 2820 13;
910 2787 926 2814 Ι,
945 2788 962 2814 Ι.
989 2789 1038 2814 (fol.
1057 2789 1102 2816 :5-1.
