2242 3085
86 741 110 758 10

85 1007 109 1025 15

84 1273 110 1291 20

84 1539 109 1557 25

84 1903 110 1922 ³0

84 2169 109 2188 35

83 2436 110 2454 40

563 156 613 182 11.
650 155 867 183 CONCILIUM
893 156 1194 184 COMPENDIENSE
1220 158 1255 184 A.
1278 158 1349 184 757.
1737 156 1774 185 61

130 259 218 288 nare,
244 259 306 290 que
330 248 530 290 perhennem
555 248 709 290 deinceps
733 249 936 290 propiciante
960 249 1033 280 Deo
1059 249 1226 281 obtineant
1249 250 1442 285 firmitatem,
1469 257 1500 282 et
1523 262 1564 282 ne
1589 252 1660 293 quis
1685 251 1778 282 nobis

131 301 329 332 detrahendo
355 302 481 332 estimet
504 302 537 332 in
561 301 593 332 id
617 312 703 332 nova
728 301 913 341 decernere,
940 302 1015 332 dum
1041 303 1217 344 antiquitus
1243 304 1333 333 iuxta
1358 304 1650 335 considerationem
1675 305 1778 346 ponti-

129 355 225 385 ficum
250 355 361 386 videat
385 360 493 386 cetera
517 353 579 385 sibi
604 354 751 385 subiecta
774 355 971 386 monasteria
995 356 1028 385 in
1053 355 1200 386 omnibus
1226 367 1295 386 esse
1322 362 1511 387 conservata
1537 363 1633 399 atque
1652 368 1776 388 secura.

130 407 274 449 Ideoque
298 419 356 450 pro
382 407 491 438 divino
515 408 633 438 intuitu
663 407 715 438 vel
739 419 797 449 pro
828 408 935 438 anime
959 413 1068 439 nostre
1094 409 1236 439 remedio
1268 420 1325 439 seu
1349 421 1572 440 successorum
1598 417 1778 441 nostrorum

130 461 328 503 pontificum,
359 472 425 492 una
455 472 528 492 cum
560 466 741 491 commeatu
773 466 804 491 et
834 461 999 492 voluntate
1030 462 1166 503 piissimi
1200 467 1232 492 et
1255 462 1477 503 gloriosissimi
1502 463 1612 504 Pipini
1637 464 1722 504 regis
1748 469 1779 494 et

131 525 291 545 consensu
314 514 448 545 fratrum
472 519 663 553 nostrorum,
690 514 841 544 convenit
865 513 958 545 nobis
984 514 1044 544 illis
1070 525 1263 545 conservare
1288 526 1346 556 pro
1364 526 1473 546 eorum
1492 516 1599 556 quiete
1618 522 1649 546 et
1666 516 1778 547 ordine

130 573 161 598 et
184 567 425 609 tranquillitate,
450 567 507 598 ut*
530 578 635 608 neque
661 578 680 597 a
703 566 797 597 nobis
822 578 926 609 neque
952 567 1180 599 archidiacono
1205 574 1313 599 nostro
1338 579 1443 610 neque
1469 580 1487 598 a
1512 569 1627 599 ceteris
1653 569 1778 600 ordina-

130 619 252 651 toribus
276 621 379 651 sancti
397 620 554 662 Stephani
571 619 623 650 vel
648 631 667 650 a
692 619 835 662 quolibet
859 620 988 651 homine
1013 621 1184 662 inquietati
1208 632 1268 652 nec
1293 621 1523 662 condempnati
1541 621 1593 652 vel
1618 621 1657 651 de
1683 621 1778 652 rebus

130 684 240 704 eorum
265 673 420 715 expoliati
445 679 556 704 contra
580 673 713 704 rationis
739 673 885 704 ordinem
910 684 980 704 esse
1005 685 1070 704 non
1095 674 1244 712 debeant,
1271 674 1338 714 sed,
1364 675 1511 716 inspecta
1536 685 1645 705 eorum
1664 675 1778 705 instru-

130 732 247 765 menta,
279 727 372 757 iuxta
403 726 673 766 constitutionem,
705 737 803 768 quam
835 727 881 757 eis
912 727 1108 758 instituimus
1123 730 1143 766 1,
1176 728 1284 769 quieto
1316 727 1428 758 ordine
1460 728 1548 769 ipsas
1572 738 1623 758 res
1648 732 1779 758 teneant

130 785 227 821 atque
251 779 439 821 possideant
463 785 495 810 et
519 779 558 810 de
583 779 655 819 hoc,
681 779 767 821 quod
792 791 850 810 nos
871 780 912 810 ad
930 780 1035 821 ipsum
1052 781 1283 811 monasterium
1301 780 1449 811 dedimus
1467 786 1563 822 atque
1581 780 1779 811 firmavimus

131 832 181 863 vel
213 843 232 863 a
262 833 369 864 Deum
401 832 588 863 timentibus
621 832 804 863 hominibus
836 833 989 864 donatum
1022 840 1069 864 est
1101 839 1197 875 atque
1229 834 1390 864 firmatum
1421 839 1476 864 aut
1507 833 1614 875 aliquo
1646 845 1779 863 munere

130 886 353 916 transmissum
369 886 421 916 vel
445 886 478 916 in
503 886 616 916 altario
635 886 792 925 offertum,
818 892 873 917 aut
894 887 993 917 sacris
1011 886 1229 918 voluminibus
1247 898 1303 918 seu
1322 886 1578 929 quibuscumque
1597 886 1778 928 speciebus,

130 939 217 980 quod
248 939 289 969 ad
321 944 468 970 ornatum
501 939 602 970 divini
634 939 738 970 cultus
774 940 924 981 pertinet,
962 939 1003 970 ad
1039 951 1172 982 presens
1205 940 1322 971 collata
1353 940 1405 971 vel
1436 940 1591 981 deinceps
1624 939 1779 970 collatura

129 992 257 1032 fuerint,
282 1004 346 1023 non
371 992 564 1023 auferamus.
601 992 643 1023 Et
668 992 806 1034 supplici
830 992 1046 1034 postulatione
1072 1004 1170 1024 exoro
1197 999 1227 1024 et
1251 993 1377 1035 postulo
1403 1005 1421 1024 a
1446 993 1583 1024 dominis
1604 998 1635 1023 et
1653 1004 1778 1023 succes-

129 1045 255 1076 soribus
279 1046 360 1076 meis
385 1046 546 1087 episcopis
571 1051 602 1076 et
626 1046 742 1076 ceteris
768 1045 1006 1077 ordinatoribus
1032 1047 1135 1077 sancti
1153 1046 1310 1088 Stephani
1334 1058 1393 1088 per
1414 1058 1531 1077 nomen
1556 1052 1666 1077 sancte
1690 1046 1779 1076 trini-

128 1099 213 1139 tatis,
238 1104 273 1130 ut
297 1098 383 1141 quod
408 1099 555 1140 superius
580 1099 763 1129 intimatum
788 1104 837 1130 est
860 1100 1025 1141 perpetuis
1050 1099 1249 1142 temporibus
1269 1112 1327 1142 pro
1352 1111 1462 1131 eorum
1484 1100 1634 1130 mercede
1652 1099 1780 1140 agenda

128 1152 207 1194 ipsis
231 1151 395 1191 fratribus,
422 1153 476 1194 qui
500 1153 533 1182 in
558 1152 628 1194 ipso
652 1153 848 1183 monasterio
874 1164 944 1183 esse
969 1152 1130 1191 videntur,
1157 1159 1366 1193 conservent,
1400 1159 1431 1184 et
1462 1154 1502 1184 sit
1533 1154 1639 1195 ipsum
1670 1163 1778 1183 mona-

129 1206 262 1236 sterium
290 1205 471 1236 subiectum
501 1205 560 1236 sub
591 1205 816 1236 mundeburde
849 1211 880 1236 et
911 1205 1099 1237 defensione
1131 1207 1235 1237 sancti
1261 1206 1417 1248 Stephani
1450 1206 1586 1237 ecclesie
1612 1206 1778 1245 Metensis,

129 1259 212 1289 sicut
243 1259 275 1289 in
306 1258 359 1289 illo
390 1259 602 1289 instrumento
635 1259 826 1298 continetur,
864 1259 950 1301 quod
986 1259 1025 1290 de
1062 1260 1131 1301 ipso
1163 1261 1359 1291 monasterio
1396 1260 1437 1290 ad
1468 1259 1639 1290 ecclesiam
1675 1259 1779 1289 sancti

130 1311 287 1353 Stephani
318 1311 468 1351 fecimus,
508 1317 542 1342 ut
573 1311 673 1342 libeat
703 1313 749 1342 eis
780 1323 838 1354 pro
870 1313 937 1343 vita
978 1318 1009 1343 et
1046 1313 1267 1344 incolumitate
1300 1314 1385 1354 regis
1418 1318 1449 1344 et
1480 1312 1654 1343 stabilitate
1687 1312 1779 1353 regni

129 1365 330 1396 Francorum
361 1370 393 1395 et
423 1376 481 1406 pro
513 1364 720 1406 pontificibus
752 1366 818 1396 suis
850 1366 980 1407 suisque
1013 1365 1166 1397 subiectis
1191 1366 1324 1397 Domini
1356 1366 1611 1397 misericordiam
1643 1377 1778 1396 exorare

130 1418 209 1457 et**‚
234 1419 326 1449 iuxta
346 1418 621 1460 dispensationem
642 1418 786 1449 divinam
811 1430 883 1449 cum
909 1418 1010 1449 abbas
1036 1419 1075 1449 de
1100 1420 1171 1461 ipso
1195 1420 1390 1450 monasterio
1409 1419 1450 1450 ad
1467 1420 1643 1450 Dominum
1661 1419 1777 1460 migra-

130 1471 222 1511 verit,
247 1482 344 1513 quem
368 1472 563 1502 unanimiter
587 1472 690 1502 omnis
722 1471 777 1502 illa
805 1472 1037 1503 monachorum
1062 1473 1271 1513 congregatio
1297 1472 1416 1503 obtime
1442 1472 1553 1513 regula
1578 1478 1778 1513 compertum

129 1530 160 1555 et
184 1525 249 1555 vite
274 1525 397 1555 meritis
422 1531 654 1566 congruentem
680 1524 846 1566 elegerint,
872 1536 937 1556 una
961 1536 1034 1556 cum
1060 1536 1220 1556 consensu
1245 1531 1275 1556 et
1299 1525 1464 1556 voluntate
1489 1531 1665 1556 memorate
1689 1524 1778 1555 urbis

131 1578 277 1620 episcopi
308 1578 414 1620 ipsum
445 1577 507 1609 sibi
538 1577 680 1609 habeant
711 1577 863 1609 abbatem
898 1584 939 1617 et,
972 1579 997 1609 si
1028 1579 1061 1609 in
1093 1579 1164 1620 ipsa
1189 1579 1450 1620 congregatione,
1484 1578 1570 1619 quod
1595 1577 1688 1616 absit,
1714 1589 1779 1608 non

239 1730 264 1767 ss)
292 1736 353 1760 Cum
372 1736 449 1760 verbis
465 1738 496 1760 ut
512 1743 606 1768 neque
624 1743 640 1760 a
656 1735 735 1760 nobis
751 1749 794 1752 —
811 1743 866 1761 non
883 1734 1041 1760 auferamus
1058 1737 1086 1763 (l.
1103 1738 1146 1763 15)
1166 1736 1198 1768 ”f-
1219 1737 1234 1761 Z.
1256 1737 1271 1760 l.
1288 1745 1316 1768 p.
1330 1738 1378 1759 40.-
1404 1733 1515 1760 Nullam
1532 1737 1673 1768 paenetus
1698 1733 1779 1759 aliam

288 1790 461 1821 potestatem
485 1788 513 1813 in
537 1788 597 1822 ipso
621 1788 791 1820 monastirio,
817 1796 911 1821 neque
936 1788 963 1813 in
987 1788 1082 1817 rebus,
1108 1797 1202 1822 neque
1227 1788 1254 1813 in
1280 1788 1440 1813 ordinandis
1465 1788 1602 1821 personis,
1632 1795 1725 1820 neque
1750 1787 1779 1812 in

289 1842 408 1868 villabus
432 1842 535 1868 ibidem
559 1841 613 1867 iam
638 1841 754 1867 conlatis
779 1845 827 1867 aut
852 1841 988 1875 deinceps
1012 1842 1090 1875 regio
1114 1850 1230 1867 munere
1257 1846 1304 1867 aut
1329 1841 1500 1875 privatorum
1532 1840 1701 1872 conlaturas,
1733 1840 1778 1866 vel

290 1895 317 1921 in
341 1895 450 1930 reliqua
474 1895 633 1921 substantia
656 1894 827 1926 monasterii,
854 1903 903 1920 nos
928 1903 1162 1929 successoresque
1188 1895 1276 1920 nostri
1301 1894 1425 1928 episcopi
1451 1898 1498 1920 aut
1524 1894 1711 1920 archidiaconi
1728 1902 1778 1919 seu

289 1949 368 1975 citeri
388 1949 564 1974 ordinatores
581 1953 628 1974 aut
647 1948 773 1982 qualibet
799 1948 853 1973 alia
876 1957 997 1982 persona
1020 1948 1167 1982 predictae
1192 1948 1314 1973 civitatis
1339 1947 1444 1973 habere
1469 1956 1524 1973 non
1549 1950 1704 1981 presumat,
1730 1950 1777 1972 aut

289 2002 485 2036 quodcumque
511 2002 546 2028 de
572 2001 671 2027 eodem
696 2001 865 2027 monasterio
889 2001 961 2027 sicut
986 2001 1021 2027 de
1046 2001 1165 2035 parociis
1183 2004 1231 2027 aut
1249 2001 1344 2027 citeris
1360 2001 1536 2026 monasteriis
1554 2000 1676 2026 muneris
1694 2008 1779 2025 eausa

289 2055 393 2082 audeat
418 2064 532 2089 sperare
558 2058 606 2080 aut
631 2054 752 2081 aufferre
777 2063 829 2080 nec
854 2055 889 2080 de
915 2054 976 2082 hoc,
1008 2055 1083 2088 quod
1115 2055 1150 2080 ad
1175 2055 1268 2080 Deum
1300 2054 1464 2080 timentibus
1495 2054 1661 2079 hominebus
1686 2057 1776 2079 trans-

288 2109 399 2134 missum
425 2112 473 2134 aut
498 2108 525 2133 in
550 2108 648 2134 altario
666 2108 796 2134 offertum
812 2107 909 2140 fuerit,
935 2113 982 2133 aut
1000 2108 1085 2133 sacris
1102 2108 1296 2133 voluminebus
1313 2107 1359 2133 vel
1376 2108 1598 2141 quibuscumque
1616 2107 1776 2141 speciebus,

289 2162 363 2196 quod
395 2162 429 2187 ad
462 2165 589 2188 ornatum
621 2161 705 2187 divini
738 2161 830 2187 cultus
861 2161 998 2195 pertinet,
1034 2162 1068 2187 ad
1099 2170 1217 2195 presens
1249 2161 1360 2187 conlata
1390 2160 1435 2186 vel
1467 2160 1602 2194 deinceps
1633 2160 1778 2185 conlatura

288 2214 404 2247 fuerint,
429 2214 540 2241 auferre
565 2223 620 2240 non
643 2218 798 2249 presumat.

222 2263 263 2301 **)
291 2271 352 2294 Cum
386 2270 461 2293 verbis
502 2272 531 2294 et
555 2268 633 2293 iuxta
658 2282 696 2285 —
721 2267 845 2293 habeant
870 2267 1002 2293 abbatem
1022 2270 1049 2298 (l.
1065 2268 1109 2299 2⁶)
1128 2270 1161 2301 ‹lf-
1176 2270 1191 2293 l.
1206 2270 1222 2294 l.
1240 2280 1266 2301 [J.
1282 2271 1375 2301 .3.¹¹sq.:
1408 2271 1436 2293 et
1465 2267 1542 2292 iuxta
1566 2266 1777 2300 dispensatione

289 2321 383 2347 divina
413 2330 475 2347 cum
506 2321 579 2347 abba
610 2321 645 2347 de
677 2321 736 2355 ipso
767 2320 927 2347 monastirio
959 2329 975 2346 a
1006 2321 1124 2347 Domino
1157 2321 1334 2355 migraverit,
1371 2329 1454 2354 quem
1481 2319 1660 2345 unianimiter
1691 2319 1778 2345 omnis

289 2374 470 2409 congregatio
504 2374 552 2400 illa
582 2374 778 2400 monachorum
810 2383 843 2400 ex
874 2374 1033 2408 semetipsis
1064 2374 1168 2408 optime
1193 2374 1289 2408 regola
1314 2377 1478 2407 conpertum
1511 2377 1539 2399 et
1564 2373 1638 2398 vitae
1664 2372 1778 2398 meretis

289 2431 491 2462 congruentem
517 2427 667 2462 elegerint,
694 2428 752 2453 sine
778 2427 915 2461 premium
938 2431 1091 2453 memorate
1116 2427 1192 2452 urbis
1210 2427 1359 2461 episcopus
1376 2427 1435 2460 ipse
1453 2430 1615 2460 promoveat
1633 2426 1776 2452 abbatem.

237 2577 247 2599 1
271 2573 332 2607 qim]
355 2577 427 2608 quod
447 2576 483 2601 Μ.
565 2578 580 2600 3
601 2576 712 2600 videant
732 2575 767 2598 JI.
852 2576 883 2599 12
904 2572 1004 2606 aliquo]
1025 2575 1127 2606 aliquid
1148 2576 1182 2599 Js.
1269 2576 1299 2598 15
1321 2584 1336 2598 a
1355 2575 1420 2598 deest
1440 2576 1475 2599 M.
1558 2575 1588 2598 17
1611 2578 1637 2597 ut
1657 2574 1722 2596 ‹Irrst
1743 2573 1776 2596 ,11.

131 2621 162 2644 19
182 2621 364 2645 mandeburde
386 2621 421 2645 JI.
496 2621 528 2644 ⁶24
549 2620 640 2651 regulo
662 2619 697 2644 JI.
772 2621 804 2644 26
825 2617 961 2650 abbatem]
982 2620 1126 2644 habbatem
1148 2619 1181 2642 JI.
1259 2620 1343 2651 ipsam
1365 2619 1604 2650 congregationem
1627 2618 1661 2642 M.

239 2763 266 2796 l)
292 2763 374 2790 llaec
398 2763 555 2790 constitutio
579 2773 634 2790 tlon
659 2763 713 2790 iam
740 2767 847 2793 etc-slat:
879 2772 950 2799 quae
980 2767 1130 2799 supersunt
1158 2762 1311 2798 diplomata
1336 2772 1353 2788 a
1381 2761 1585 2797 Clzrodeyangso
1610 2759 1777 2786 munasterio

132 2815 281 2843 (r'orziensl
311 2826 440 2843 concessa
472 2817 505 2843 (le
539 2816 595 2843 eius
614 2816 834 2852 [masas-sionibus
858 2826 892 2843 ιιι·
917 2816 1067 2843 redditibus
1091 2820 1232 2845 statuant:
1266 2815 1305 2849 ‘'f-
1332 2814 1526 2841 ‘l'llfll'lfflssst’ss-
1553 2814 1568 2839 s·
1597 2814 1612 2839 l·
1636 2823 1666 2848 l'·
1686 2814 1700 2839 l
1715 2822 1774 2847 sqq.
