2242 3085
543 130 593 157 39.
631 130 847 158 CONCILIUM
871 130 1198 162 AQUISGRANENSE
1223 132 1259 157 A.
1282 131 1355 159 816.
1707 128 1771 158 315

229 223 407 255 XXXVII.
443 223 524 254 Item
550 223 701 265 Gregorii
732 223 771 254 de
804 223 932 254 conlata
963 224 1124 266 episcopis
1149 229 1306 265 potestate
1331 224 1455 266 ligandi
1486 230 1582 267 atque
1613 224 1771 256 solvendi.

229 277 423 309 XXXVIII.
460 276 615 308 Eiusdem
640 277 679 308 de
705 277 875 319 episcopis,
901 278 957 319 qui
980 288 1038 319 pro
1064 276 1266 308 ordinatione
1291 289 1425 309 munera
1442 278 1579 309 libenter
1595 278 1771 319 accipiunt.

727 356 923 398 Capitula
955 368 1163 388 canonum.

229 419 440 450 XXXVIIII.
477 419 529 450 De
554 418 805 450 subintroductis
829 418 1027 450 mulieribus.

88 487 103 505 5
228 472 299 504 XL.
337 472 388 503 De
414 472 540 503 clericis
565 483 676 503 usuras
701 471 946 514 accipientibus.

206 520 209 521 ⁷
229 525 317 557 XLI.
354 525 406 556 De
430 525 607 567 privilegiis
632 524 895 567 presbiterorum.

229 579 334 612 XLII.
368 579 420 610 De
446 578 742 609 excommunicatis.

230 632 352 665 XLIII.
390 631 485 671 Quod
509 642 573 662 non
598 636 745 673 oporteat
769 631 953 673 demigrari.

231 685 371 716 XLIIII.
407 685 480 715 Non
505 684 800 726 transmigrandum
824 684 864 715 de
890 685 1020 715 civitate
1046 685 1077 715 in
1103 685 1276 716 civitatem.

77 753 103 771 1ο
231 738 334 769 XLV.
369 738 421 769 De
446 737 505 777 his,
531 738 585 779 qui
610 738 643 768 in
668 737 824 777 ecclesiis,
850 738 882 768 in
907 737 1024 779 quibus
1049 738 1195 780 provecti
1219 743 1302 777 sunt,
1327 738 1457 768 minime
1482 738 1707 780 perdurarunt.

230 791 350 823 XLVI.
386 791 437 822 De
462 790 621 821 flectendo
645 802 741 832 genu.

230 845 368 877 XLVII.
404 844 456 875 De
482 844 641 875 damnatis
667 849 697 875 et
721 844 903 875 ministrare
928 843 1170 886 temptantibus,

230 898 385 930 XLVIII.
422 898 473 928 De
499 897 624 928 clericis
649 897 818 930 damnatis.

230 951 402 982 XLVIIII.
439 951 491 982 De
515 951 760 992 peregrinorum
784 951 999 992 susceptione.

71 1018 103 1038 :15
229 1005 265 1035 L.
304 1004 400 1044 Quod
424 1015 488 1035 non
512 1004 609 1035 liccat
633 1003 750 1035 clerico
775 1005 808 1034 111
833 1004 966 1035 duarum
993 1005 1160 1035 civitatum
1186 1004 1331 1035 ecclesiis
1357 1005 1550 1035 ministrare.

230 1058 284 1089 LI.
322 1057 418 1097 Quod
442 1069 507 1088 non
532 1062 678 1099 oporteat
702 1058 889 1099 peregrinos
915 1057 1049 1088 clericos
1074 1058 1142 1088 sine
1168 1057 1444 1088 commendaticiis
1470 1058 1662 1089 ministrare.

228 1111 300 1142 LII.
338 1111 433 1150 Quod
457 1122 521 1142 non
546 1111 613 1141 sine
638 1110 752 1141 litteris
778 1122 869 1142 sacro
894 1112 1070 1142 ministerio
1096 1112 1273 1141 servientes
1298 1111 1461 1152 proficisci
1486 1111 1635 1142 debeant.

229 1165 318 1197 LIII.
355 1164 406 1195 De
432 1164 559 1195 clericis
584 1175 603 1194 a
627 1165 851 1195 communione
877 1165 1042 1195 summotis
1067 1163 1108 1195 ab
1133 1164 1195 1195 alio
1220 1176 1283 1195 non
1308 1164 1504 1206 recipiendis
1529 1165 1692 1206 episcopo.

229 1218 336 1248 LIIII.
375 1217 409 1249 Si
435 1218 505 1259 quis
531 1218 828 1248 excommunicatus
853 1223 927 1248 ante
944 1218 1141 1248 audientiam
1160 1218 1397 1248 communicare
1416 1219 1677 1260 praesumpserit,
1703 1219 1773 1260 ipse

73 1272 154 1303 2051]
181 1283 214 1302 se
240 1271 478 1302 damnationem
504 1270 645 1312 protulit.

230 1325 299 1356 LV.
336 1324 387 1355 De
412 1336 476 1355 non
502 1323 712 1354 sollicitandis
738 1323 863 1354 clericis
889 1323 1012 1355 alicnis,

230 1378 317 1410 LVI.
354 1378 405 1408 De
430 1377 491 1417 his,
518 1377 571 1419 qui
597 1376 695 1407 semel
720 1376 857 1418 legerint
881 1377 913 1407 in
938 1377 1087 1416 ecclesia,
1113 1376 1154 1407 ab
1179 1377 1250 1408 aliis
1275 1389 1339 1407 non
1363 1388 1457 1419 posse
1482 1379 1676 1419 promoveri.

228 1431 333 1463 LVII.
371 1430 405 1462 Si
431 1431 485 1472 qui
510 1430 619 1461 clerici
644 1429 684 1461 ab
711 1430 871 1471 episcopis
897 1431 962 1461 suis
986 1431 1125 1472 promoti
1150 1431 1410 1472 contempserint.
1436 1442 1495 1461 nec
1521 1431 1585 1461 illic
1610 1436 1772 1471 maneant,

123 1485 209 1516 unde
234 1484 387 1515 recedere
412 1483 592 1515 noluerunt.

77 1550 104 1569 25
229 1537 351 1568 LVIII.
388 1537 433 1568 Ut
467 1536 572 1567 nullus
604 1536 744 1567 alienum
778 1536 949 1568 sollicitare
981 1536 1033 1567 vel
1063 1542 1173 1567 tenere
1204 1543 1400 1579 praesumat,
1437 1549 1493 1568 suo
1527 1534 1682 1580 episeopo*
1711 1549 1775 1568 non

123 1591 332 1633 preveniente
359 1601 527 1622 consensu.

230 1644 369 1676 LVIIII.
406 1643 450 1675 Ut
474 1644 506 1673 in
533 1643 679 1673 ecclesiis
705 1644 856 1674 convivia
880 1644 1011 1674 minime
1037 1643 1250 1676 celebrentur.

230 1698 302 1728 LX.
340 1697 435 1736 Quod
459 1696 563 1727 nullus
589 1696 881 1728 ecclesiasticorum
906 1697 937 1727 in
962 1696 1105 1727 tabernis
1130 1697 1300 1728 comedere
1326 1697 1453 1729 debeat.

231 1751 320 1783 LXI.
356 1751 408 1781 De
434 1750 580 1781 avaritia.

78 1817 106 1836 30
232 1804 338 1835 LXII.
387 1803 482 1843 Quod
518 1814 649 1834 usuram
684 1815 746 1833 non
784 1803 885 1834 solum
918 1803 1027 1834 clerici
1060 1804 1191 1845 exigere
1222 1816 1286 1835 non
1318 1804 1474 1843 debeant,
1512 1805 1569 1835 sed
1604 1816 1664 1835 nec
1701 1805 1775 1835 laici

126 1858 310 1889 Christiani.

232 1911 355 1942 LXIII.
392 1911 444 1942 De
470 1910 528 1947 his.
555 1911 608 1952 (1111
634 1921 723 1940 esum
749 1911 894 1940 carnium
919 1911 951 1941 in
976 1910 1062 1941 clero
1087 1912 1251 1941 constituti
1277 1911 1458 1952 diffugiunt.

231 1964 372 1995 LXIIII.
408 1964 460 1994 De
485 1975 617 1994 numero
643 1969 730 1994 certo
756 1963 975 1995 diaconorum.

234 2018 337 2050 LXV.
374 2018 425 2048 De
450 2017 509 2057 his,
536 2017 590 2058 qui
616 2016 864 2048 abhominantur
888 2028 953 2056 eos⁷
979 2018 1033 2059 qui
1058 2017 1208 2048 carnibus·
1232 2023 1417 2050 vescuntur.

81 2084 107 2102 ³5
233 2071 353 2102 LXVI.
389 2072 441 2102 De
466 2070 525 2110 his7
552 2082 634 2112 quae
659 2072 691 2101 in
716 2082 791 2101 usus
815 2082 994 2112 pauperum
1020 2071 1237 2103 conferuntur.

233 2125 372 2157 LXVII.
408 2125 459 2155 Dc
484 2124 543 2164 his,
570 2125 624 2165 qui
649 2135 706 2165 pro
731 2124 917 2165 virginitate
943 2123 1143 2165 superbiunt.

233 2178 389 2208 LXVIII.
424 2177 477 2208 Dc
502 2177 561 2216 his,
587 2178 642 2219 qui
667 2177 827 2208 dominico
852 2177 904 2207 die
930 2177 1073 2207 ieiunant
1097 2183 1261 2219 tamquam
1285 2177 1363 2208 nihil
1388 2189 1445 2219 pre
1464 2179 1578 2208 ceteris
1597 2178 1776 2209 differente.

233 2231 407 2263 LXVIIII.
444 2231 495 2261 De
520 2230 578 2270 his,
605 2231 660 2272 qui
685 2230 906 2261 ecclesiastica
930 2230 1051 2260 ieiunia
1075 2230 1197 2272 absque
1222 2232 1414 2262 necessitato
1440 2231 1628 2263 dissolvunt.

234 2284 341 2316 LXX.
377 2284 428 2315 De
461 2284 520 2324 his,
552 2284 607 2325 qui
638 2295 671 2314 se
697 2295 716 2314 a
740 2284 947 2325 perceptione
980 2289 1110 2314 sanctae
1143 2285 1376 2315 communionis
1404 2290 1553 2315 avertunt
1585 2290 1616 2315 et
1641 2286 1695 2326 qui
1721 2296 1776 2315 ex-

82 2349 109 2367 40
129 2338 372 2369 wmmunicatis
396 2348 454 2379 per
479 2337 590 2368 domos
616 2337 902 2368 communicantur.

235 2475 250 2496 ἴ)
273 2474 358 2497 usuris
383 2473 411 2496 Ιί.
476 2474 507 2496 10
527 2473 640 2504 profecti
662 2472 697 2496 Jl.
755 2473 934 2504 pordurentnr
954 2472 986 2496 B.
1049 2474 1076 2496 11
1100 2481 1188 2502 genua
1208 2474 1243 2497 M.
1303 2475 1332 2497 12
1354 2473 1504 2504 dampnatis
1529 2474 1557 2497 lt.
1616 2475 1645 2497 14
1666 2482 1775 2505 suscep-

129 2519 229 2541 tionem
250 2518 282 2542 ]i.
341 2518 371 2541 16
393 2514 634 2547 commendaticiis]
656 2516 752 2541 litteris
771 2516 831 2540 add.
852 2517 887 2540 M.
946 2518 975 2541 17
997 2514 1155 2547 ministerio]
1177 2518 1296 2541 misterio
1312 2517 1341 2541 L.
1397 2516 1541 2548 proticisci]
1559 2527 1611 2542 non
1625 2518 1684 2541 adel.
1699 2518 1729 2542 L.
1744 2518 1777 2541 15.

132 2564 161 2586 19
183 2563 432 2586 excommunientur
454 2561 481 2585 Γ.
545 2561 698 2585 :uulvntiam
720 2561 755 2585 Jl.
821 2562 1012 2592 praesumserit
1036 2561 1063 2584 Ιί.
1138 2562 1170 2585 22
1192 2559 1269 2592 l.VI.]
1292 2570 1408 2585 numerus*
1426 2562 1498 2587 deest.
1520 2563 1607 2593 reliqui
1626 2572 1680 2586 rum
1699 2571 1777 2593 supra

128 2607 239 2638 alle-«satis
257 2606 407 2630 concordant
426 2604 468 2637 (vs.
492 2605 587 2635 XIIII)
610 2605 636 2629 P.
718 2607 750 2629 225
772 2603 824 2636 qui]
846 2606 878 2629 (lc
898 2605 957 2629 fuld.
979 2605 1008 2635 L,
1039 2606 1098 2636 quis
1123 2606 1150 2629 ll.
1172 2606 1201 2629 P.
1282 2605 1321 2629 illi
1344 2606 1371 2629 Ι).
1446 2608 1478 2630 ‘25
1500 2604 1626 2637 alionum]
1648 2607 1775 2630 clericum

83 2659 111 2677 45
128 2651 188 2675 (ald.
208 2651 240 2675 B.
262 2651 291 2675 P.
359 2652 391 2675 ‘26
411 2647 597 2681 preveniente]
618 2654 762 2681 praevento
789 2650 813 2675 l'.
835 2650 963 2681 prebente
985 2648 1021 2673 M.
1090 2658 1250 2673 consensum
1272 2651 1306 2674 M.
1375 2652 1407 2674 25
1429 2651 1544 2674 debeant
1566 2651 1598 2675 ll.
1670 2653 1702 2675 :50
1723 2660 1776 2674 nou

131 2693 256 2726 debeant]
278 2695 394 2719 ‹lom—ant
416 2695 444 2720 l..
473 2702 525 2717 non
546 2694 645 2718 dehent
666 2694 696 2717 Jt.
778 2696 809 2717 :33
831 2697 903 2717 certo
924 2694 987 2717 dees!
1009 2694 1065 2717 ΡΙ.
1147 2695 1179 2718 34
1200 2695 1390 2719 abominantur
1413 2695 1442 2718 15.
1464 2695 1492 2718 I’.
1516 2693 1548 2718 Jl.
1627 2697 1659 2719 :35
1682 2695 1777 2718 LXVI.

130 2753 163 2755 —
177 2737 348 2771 superbiunt}
367 2739 463 2762 LXVI.
492 2739 531 2762 Dc
560 2738 599 2761 his
621 2739 666 2769 (1111
687 2746 734 2769 pro
756 2739 912 2770 virginitate
939 2739 1106 2769 superbiunt.
1139 2739 1246 2762 LXVII.
1267 2739 1307 2763 Dc
1328 2739 1375 2764 his.
1403 2747 1471 2770 quac
1497 2740 1522 2762 in
1543 2747 1606 2763 usus
1627 2747 1776 2770 pauperum

131 2785 304 2808 conferuntur
324 2782 359 2806 M.
446 2780 526 2814 quae]
547 2783 590 2814 qui
612 2782 642 2806 Β.
664 2782 693 2806 l'.
777 2783 808 2806 37
831 2783 984 2807 differentes
1006 2782 1041 2806 JI.
1123 2784 1154 2806 :39
1176 2787 1334 2807 avertuntur
1354 2783 1385 2807 Β,
1466 2785 1498 2807 40
1519 2784 1720 2807 eonnnunicant
1743 2784 1777 2807 Μ.

1512 2834 1561 2859 40*
