2242 3085
570 111 620 138 39.
659 111 875 139 CONCILIUM
899 110 1227 142 AQUISGRANENSE
1252 112 1288 138 A.
1311 112 1383 139 816.
1737 109 1799 139 357

150 209 281 241 omnium,
315 217 386 243 quae
418 208 506 236 habet
531 209 662 242 ccclesia,
694 208 818 235 efficitur
848 209 1035 243 dispensator.
1083 209 1216 244 Denique
1249 214 1362 236 sanctus
1386 210 1531 243 Paulinus,
1563 213 1594 236 ut
1623 210 1676 244 ipsi
1700 210 1799 237 melius

150 262 247 293 nostis,
273 262 401 296 ingentia
423 263 550 296 praedia,
577 271 648 297 quae
673 262 789 289 fuerunt
814 270 874 294 sua,
899 262 1016 288 vendita
1039 263 1211 296 pauperibus
1237 263 1372 297 erogavit,
1405 264 1466 295 sed,
1497 273 1559 289 cum
1584 266 1684 298 postea
1708 263 1799 290 factus

151 320 227 341 esset
253 315 410 350 episcopus,
436 325 491 342 non
516 316 686 350 contempsit
711 315 849 342 ecclesiae
874 315 1037 347 facultates,
1063 316 1113 341 sed
1137 315 1300 342 fidelissime
1325 317 1510 351 dispensavit.
1548 316 1609 347 Quo
1634 316 1709 343 facto
1734 317 1801 343 satis

150 369 275 394 ostendit
308 372 337 395 et
368 369 481 403 propria
512 369 617 396 debere
650 378 684 396 ex
713 368 891 403 perfectione
921 368 1083 402 contempni
1115 372 1145 394 et
1176 369 1235 395 sine
1269 369 1470 403 impedimento
1500 370 1685 404 perfectionis
1716 379 1799 405 posse

118 430 131 448 5
151 421 288 448 ecclesiae
313 421 476 455 facultates,
503 431 575 457 quae
600 426 665 448 sunt
688 422 817 456 profecto
842 422 1006 453 communia,
1030 422 1186 456 possidere.
1232 421 1307 452 Quid
1331 426 1444 449 sanctus
1462 423 1605 449 Hilarius?
1645 424 1744 450 Nonne
1772 427 1801 449 et

150 475 210 509 ipse
234 475 326 501 omnia
349 484 400 501 sua
423 480 472 501 aut
496 476 661 510 parentibus
685 475 807 509 reliquid
831 478 880 501 aut
896 475 1014 501 vendita
1030 475 1203 509 pauperibus
1222 476 1369 509 erogavit?
1409 476 1460 501 His
1485 480 1590 509 tamen,
1616 486 1677 503 cum
1698 477 1798 503 merito

149 528 332 562 perfectionis
349 538 415 555 suae
436 528 520 555 fieret.
545 528 683 555 ecclesiae
700 527 878 555 Arelatensis
900 528 1059 562 episeopus,
1084 529 1159 562 quod
1175 528 1223 554 illa
1239 532 1306 554 tunc
1331 529 1455 555 habebat
1482 530 1602 556 ecclesia
1625 539 1679 557 non
1712 533 1798 556 solum

149 582 285 616 possedit,
316 582 366 608 sed
399 582 483 608 etiam
514 582 639 616 acceptis
669 581 796 608 fidelium
826 582 980 607 numerosis
1011 581 1219 607 hereditatibus
1250 581 1404 616 ampliavit.
1451 582 1501 608 Isti
1533 592 1599 617 ergo
1624 587 1681 609 tam
1709 584 1799 610 sancti

150 638 264 669 tamque
289 635 411 669 perfecti
434 634 583 669 pontifices
607 635 690 661 factis
716 635 894 661 evidentibus
920 634 1042 661 clamant
1066 644 1149 669 posse
1176 639 1205 661 et
1230 636 1336 662 debere
1360 635 1422 662 fieri
1447 637 1521 670 quod
1552 636 1694 663 fecerunt.
1744 636 1798 667 Qui

106 695 131 713 10
149 688 248 722 utique
272 688 398 715 homines
422 692 479 714 tam
503 688 669 715 secularium
694 697 777 722 quam
801 688 957 714 divinarum
980 688 1139 714 litterarum
1163 689 1222 715 sine
1248 689 1433 723 ambiguitate
1458 689 1620 721 doctissimi,
1648 691 1670 716 si
1695 691 1799 717 scirent

150 751 194 768 res
220 742 356 768 ecclesiae
382 742 487 768 debere
513 741 665 774 contemni,
690 750 840 775 numquam
866 750 913 767 eas
936 741 1087 773 haberent,
1113 741 1160 776 qui
1184 742 1276 768 omnia
1300 751 1351 768 sua
1374 742 1558 776 reliquerant.
1606 743 1690 769 Unde
1716 744 1800 769 datur

151 794 289 829 intellegi,
322 795 397 829 quod
427 795 500 821 tanti
531 804 562 821 ac
586 794 660 820 tales
683 794 744 826 viri,
778 795 824 828 qui
855 795 984 821 volentes
1015 794 1077 821 fieri
1102 794 1206 821 Christi
1238 795 1369 830 discipuli
1399 796 1634 822 renuntiaverunt
1663 797 1800 828 omnibus,

151 857 222 882 quae
248 848 400 880 habebant,
425 856 480 874 non
504 851 536 874 ut
560 856 746 882 possessores,
778 847 827 874 sed
859 851 890 873 ut
914 852 1111 882 procuratores
1142 848 1295 875 facultates
1321 849 1459 875 ecclesiae
1484 849 1667 883 possidebant
1703 853 1731 875 et
1756 851 1799 875 id-

151 901 233 933 circo,
258 901 381 927 scientes
405 901 474 927 nihil
498 901 574 927 aliud
599 910 661 927 esse
686 910 731 927 res
757 901 894 927 ecclesiae
918 902 971 927 nisi
990 906 1054 928 vota
1079 901 1214 933 fidelium,
1239 902 1349 936 praetia
1373 907 1553 937 peccatorum
1579 906 1607 929 et
1632 903 1800 937 patrimonia

107 963 131 982 15
150 963 316 989 pauperum,
340 963 395 981 non
420 964 467 981 eas
490 955 705 981 vindicaverunt
728 955 755 980 in
778 964 845 980 usus
869 964 932 981 suos
956 959 987 981 ut
1011 955 1147 990 proprias,
1173 956 1223 982 sed
1248 959 1279 981 ut
1299 956 1509 982 commendatas
1533 957 1706 990 pauperibus
1725 957 1796 983 divi-

149 1011 257 1033 serunt.
304 1007 365 1034 Hoc
398 1012 441 1034 est
471 1008 642 1043 possidendo
667 1011 860 1041 contemnere,
893 1017 947 1034 non
979 1009 1042 1040 sibi,
1074 1009 1124 1035 sed
1155 1009 1215 1035 aliis
1246 1009 1391 1043 possidere
1416 1018 1469 1035 nec
1494 1009 1617 1035 habendi
1642 1010 1799 1044 cupiditate

151 1060 287 1087 ecclesiae
317 1061 469 1087 facultates
494 1061 610 1094 ambire,
642 1062 693 1087 sed
719 1070 766 1087 eas
794 1062 904 1096 pietate
929 1062 1116 1088 subveniendi
1147 1063 1290 1096 suscipere
1315 1077 1358 1080 -—
1382 1063 1457 1097 quod
1480 1063 1567 1089 habet
1593 1063 1715 1089 ecclesia
1739 1073 1799 1089 eum

149 1114 275 1140 omnibus
299 1114 367 1140 nihil
382 1114 553 1141 habentibus
576 1115 663 1141 habet
688 1123 832 1141 commune
848 1130 891 1133 —
908 1124 960 1141 nec
979 1115 1085 1149 aliquid
1108 1116 1173 1142 inde
1197 1116 1245 1147 eis,
1271 1116 1319 1150 qui
1343 1116 1395 1143 sibi
1420 1117 1456 1142 de
1481 1125 1530 1142 suo
1555 1116 1709 1149 sufficiunt,
1736 1126 1797 1143 ero-

149 1176 227 1202 gare,
253 1168 364 1202 quando
388 1168 457 1194 nihil
481 1168 557 1194 aliud
581 1168 618 1194 sit
641 1168 813 1194 habentibus
838 1169 904 1195 dare
931 1177 1013 1203 quam
1038 1169 1170 1203 perdere.

105 1247 131 1266 20
257 1233 417 1265 XXXVI.
454 1233 635 1264 Esidori
668 1234 716 1265 de
749 1234 1000 1276 disciplina
1030 1235 1314 1267 sacerdotum
1349 1236 1391 1266 in
1426 1236 1512 1275 his,
1550 1237 1621 1279 qui
1654 1237 1799 1267 delin—

151 1298 170 1329 q
182 1299 202 1318 u
213 1299 232 1318 u
244 1299 264 1318 n
275 1293 296 1318 t.
345 1290 534 1318 Sacerdotes1
558 1301 608 1326 pro
632 1293 798 1327 populorum
823 1293 974 1327 iniquitate
999 1294 1176 1325 danmantur,
1208 1294 1230 1319 si
1256 1303 1305 1321 eos
1329 1298 1377 1320 aut
1402 1295 1564 1329 ignorantes
1589 1304 1644 1321 non
1670 1295 1799 1321 crudiant

150 1349 198 1371 aut
222 1349 376 1380 peccantes
400 1354 455 1372 non
480 1349 608 1380 arguant,
635 1349 760 1372 testante
778 1346 897 1372 Domino
914 1347 949 1372 ad
966 1347 1166 1381 prophaetam:
1194 1346 1402 1383 Speculatorem
1428 1348 1493 1375 dedi
1516 1352 1540 1375 te
1564 1347 1657 1375 domni
1678 1348 1798 1375 Israhel.

152 1398 184 1425 Si
207 1408 261 1425 non
280 1398 377 1433 fueris
401 1399 515 1431 Iocutus,
541 1402 569 1425 ut
591 1408 620 1425 se
645 1399 781 1426 custodiat
804 1399 903 1435 impius
927 1409 945 1425 (ι
970 1399 1015 1426 ria
1038 1409 1099 1433 sua,
1126 1399 1170 1427 ille
1186 1400 1214 1427 ῐη
1231 1399 1376 1436 iniquitate
1392 1411 1444 1427 sua
1462 1401 1610 1434 num-ir‘tzwq
1634 1401 1799 1438 sanquinem

150 1460 215 1478 vero
239 1451 296 1479 eius
320 1452 353 1478 (Ie
377 1461 462 1478 manu
486 1455 533 1478 lucc
558 1451 710 1488 requiram.
759 1452 803 1478 Sic
835 1453 908 1479 enim
933 1453 998 1479 Heli
1024 1454 1154 1479 sacerdos
1185 1462 1235 1488 pro
1265 1453 1383 1480 filiorum
1407 1454 1557 1489 iniquitate
1583 1455 1731 1481 damnatus
1757 1458 1800 1481 est

105 1513 130 1531 25
151 1508 179 1531 ct
203 1505 271 1531 licet
297 1514 344 1531 eos
369 1505 569 1539 delinquentes
601 1505 754 1538 admonuit,
786 1507 838 1532 sed
868 1510 963 1533 tamen
995 1516 1060 1539 non,
1091 1510 1122 1532 ut
1154 1507 1315 1541 oportebat,
1347 1508 1503 1543 redarguit.
1552 1507 1721 1535 Sacerdotes
1752 1518 1798 1535 cx-

151 1559 262 1592 quircre
288 1559 395 1585 dehent
418 1562 539 1593 peccata
561 1558 727 1593 populorum
753 1562 782 1585 et
807 1560 900 1594 sagaci
925 1560 1113 1586 sollicitudine
1130 1569 1360 1595 unumquemque
1377 1561 1497 1595 probare
1514 1561 1592 1587 iuxta
1608 1562 1800 1587 testimonium

150 1611 261 1638 Domini
286 1612 321 1638 ad
345 1611 516 1638 Hieremiam
540 1612 698 1646 loquentis:
726 1612 918 1646 Probatorem,
944 1614 1051 1647 inquid,
1078 1613 1142 1640 dedi
1165 1617 1189 1640 te
1213 1613 1239 1640 ἱιι
1260 1615 1367 1650 populo
1392 1624 1449 1641 meo
1475 1614 1622 1647 robustum,
1649 1618 1673 1641 et
1692 1614 1760 1641 scies
1778 1618 1801 1641 el

146 1664 280 1700 probabis
304 1664 364 1692 rias
388 1674 491 1692 eorum.
528 1664 698 1692 Sacerdotes
715 1666 808 1692 studio
826 1667 983 1701 corrigendi
1000 1667 1077 1693 facta
1093 1668 1264 1701 perscrutari
1289 1668 1397 1694 debent
1421 1668 1620 1701 subiectorum,
1647 1671 1678 1694 ut
1704 1677 1799 1694 emen-

151 1718 232 1744 datos
263 1718 427 1744 lucrifacere
457 1719 576 1753 possint.
625 1718 703 1745 Sicut
734 1723 828 1746 autem
860 1724 1039 1754 peccatorem
1071 1721 1201 1747 convenit
1233 1721 1321 1755 argui,
1355 1721 1394 1747 ita
1425 1721 1528 1747 iustum
1552 1731 1608 1747 non
1633 1721 1798 1747 exulcerari.

105 1779 131 1798 ³0
150 1770 319 1797 Sacerdotes
344 1780 437 1798 curam
462 1772 569 1798 debent
593 1772 699 1799 habere
725 1773 759 1799 de
784 1772 835 1805 his,
862 1773 909 1807 qui
934 1777 1066 1808 pereunt,
1097 1777 1128 1799 ut
1160 1782 1255 1800 eorum
1286 1774 1488 1809 redargutione
1514 1778 1561 1801 aut
1586 1775 1761 1809 corrigantur
1785 1784 1801 1801 a

150 1825 274 1859 peccatis
299 1829 358 1857 aut,
383 1825 405 1851 si
429 1825 631 1860 incorrigibiles
657 1826 790 1858 existunt,
817 1827 851 1852 ab
878 1827 999 1852 ecclesia
1019 1830 1198 1861 separentur.
1234 1828 1378 1854 Atrociter
1395 1832 1549 1862 arguuntur
1567 1828 1613 1862 qui
1631 1829 1800 1863 decipiendo

149 1882 303 1912 peccantes
333 1887 387 1904 non
418 1878 516 1911 solum,
550 1879 615 1913 quia
645 1888 700 1905 non
731 1883 852 1914 arguunt
883 1888 932 1914 pro
956 1884 1086 1914 peccato,
1117 1882 1168 1907 sed
1201 1881 1284 1907 etiam
1314 1881 1464 1908 adulanter
1495 1882 1651 1916 decipiunt,
1685 1882 1799 1908 dicente

149 1931 303 1966 propheta:
338 1931 379 1958 Et
408 1935 489 1959 crunt
519 1931 566 1968 qui
595 1931 756 1970 beatzficant
778 1933 913 1968 populum
945 1932 1033 1967 istum,
1064 1934 1224 1961 seducentes
1255 1938 1280 1961 et
1309 1934 1356 1970 qui
1385 1934 1582 1972 bec1t{ficcczztzc7·
1605 1934 1798 1970 praecipitati.

149 1984 294 2011 Atrociter
318 1985 419 2011 iterum
443 1988 600 2020 arguuntur
624 1986 670 2020 qui
694 1990 860 2020 peccantem
884 1995 939 2012 non
964 1987 1114 2021 recipiunt,
1140 1988 1191 2013 sed
1216 1988 1368 2022 dispiciunt
1394 1992 1422 2014 et
1447 1991 1585 2022 spernunt
1609 1998 1661 2014 nec
1684 1988 1800 2014 alterius

105 2045 130 2064 35
149 2038 282 2065 delictum
307 2042 450 2073 tamquam
473 2039 616 2073 proprium
641 2039 845 2074 ingemescunt.
883 2040 926 2066 De
952 2040 1056 2066 talibus
1080 2050 1132 2075 per
1155 2041 1256 2067 Isaiam
1278 2041 1412 2068 Dominus
1437 2042 1606 2067 comminans
1631 2042 1716 2068 dicit:
1744 2040 1802 2072 Qui

150 2091 260 2118 dicunt.-
285 2091 395 2119 Recede
419 2102 437 2119 [ι
461 2101 511 2125 me,
537 2102 592 2119 non
617 2092 829 2129 adproplnqnes
853 2092 927 2126 mihi,
953 2093 1019 2129 quia
1043 2093 1192 2120 inmundus
1210 2103 1245 2127 es,
1272 2093 1316 2121 isti
1333 2094 1434 2128 fumus
1456 2098 1537 2121 eruut
1553 2094 1581 2121 in
1599 2095 1707 2129 furore
1732 2104 1798 2128 meo,

150 2143 222 2181 {quis
252 2145 357 2172 ardens
387 2149 443 2172 lota
474 2145 526 2172 (lie.
573 2145 644 2172 Inde
677 2150 720 2173 est
752 2147 826 2180 quod
858 2150 887 2173 et
918 2147 1062 2181 apostolus
1094 2147 1221 2173 omnibus
1252 2148 1344 2173 omnia
1367 2147 1459 2173 factus
1492 2152 1535 2174 est
1564 2156 1619 2174 non
1644 2148 1798 2175 imitatione

257 2293 364 2317 XXXV.
394 2294 408 2318 3
430 2294 603 2325 despansavit
623 2294 655 2318 Β.
711 2296 725 2318 4
746 2295 883 2318 contemni
904 2294 936 2318 B.
956 2295 992 2318 M.
1049 2296 1063 2318 5
1085 2293 1245 2326 communia]
1266 2295 1301 2319 ἱία
1319 2295 1388 2319 codd.
1446 2298 1460 2319 6
1481 2294 1542 2326 His]
1563 2296 1598 2320 ita
1618 2296 1649 2326 Η,
1670 2297 1696 2320 Is
1718 2297 1747 2320 L.
1762 2297 1798 2327 M,

150 2337 187 2361 Iis
208 2337 240 2361 B.
321 2338 335 2362 7
357 2336 482 2369 ecclesia]
503 2338 636 2363 ecclesiae
656 2338 688 2363 R.
769 2341 784 2362 8
804 2339 858 2363 Iste
878 2339 910 2363 B.
994 2340 1022 2363 11
1046 2341 1201 2371 contempni
1220 2339 1252 2363 L.
1272 2339 1304 2363 B.
1386 2341 1418 2364 12
1438 2337 1479 2371 ac]
1499 2341 1549 2364 hac
1570 2340 1601 2364 B.
1684 2343 1714 2365 15
1735 2350 1798 2365 ven-

104 2387 131 2405 40
150 2382 309 2406 dicaverunt
329 2381 361 2406 B.
380 2382 416 2406 M.
436 2380 458 2411 (e
477 2381 560 2413 corn).
629 2384 660 2407 16
681 2386 871 2415 contempnere
891 2383 922 2407 L.
943 2383 974 2407 B.
1048 2383 1165 2408 habente
1185 2384 1218 2408 B.
1285 2384 1462 2416 cupiditatem
1483 2385 1515 2409 R.
1529 2385 1560 2409 L.
1574 2385 1606 2409 B.
1674 2387 1704 2409 18
1725 2383 1798 2417 inde]

149 2426 177 2450 in
197 2425 229 2450 B.
303 2425 425 2457 erogare]
447 2434 571 2458 errogare
591 2427 624 2457 B,
645 2427 725 2452 dehet
745 2436 857 2458 erogare
877 2428 927 2451 Iul.

256 2479 381 2503 XXXVI.
410 2480 444 2503 20
463 2480 560 2504 Isidori
580 2480 611 2506 L.
632 2480 664 2506 B.
684 2482 720 2506 AI.
777 2480 920 2512 delinqunt
939 2481 970 2505 B.
1035 2482 1063 2505 21
1087 2490 1135 2513 pro
1155 2481 1219 2506 deest
1239 2481 1274 2505 JI.
1335 2479 1392 2512 aut]
1416 2486 1445 2506 ut
1465 2482 1496 2506 B.
1559 2483 1592 2507 24
1612 2480 1685 2513 Heli]
1707 2482 1744 2506 illi
1766 2483 1798 2507 B.

149 2523 308 2555 dampnatus
327 2523 360 2548 B.
445 2525 478 2548 26
497 2525 586 2555 sagati
605 2524 752 2549 solitudine
774 2525 805 2549 B.
891 2526 922 2550 27
944 2526 1116 2557 Hyeremiam
1136 2525 1175 2550 Ιιὶε
1193 2530 1216 2550 ec
1235 2526 1306 2558 infra
1324 2526 1357 2550 Β.
1441 2526 1584 2558 loquentes
1604 2527 1636 2551 B.
1718 2525 1797 2558 scies]

148 2568 201 2591 sies
222 2567 253 2591 B.
339 2568 371 2592 28
391 2572 560 2599 perscrutare
580 2568 612 2593 B.
699 2566 869 2601 emendatos]
888 2570 1065 2594 aemnndatos
1085 2570 1117 2594 Β.
1204 2572 1237 2595 30
1258 2568 1360 2602 eorum]
1382 2572 1440 2595 eius
1461 2571 1493 2595 R.
1514 2571 1546 2595 B.
1631 2573 1661 2595 31
1685 2572 1796 2595 incorri-

103 2616 130 2635 45
149 2609 255 2643 gibilcs]
278 2612 495 2637 incorrectibiles
515 2612 547 2636 B.
604 2614 636 2637 32
657 2611 808 2644 adulanter]
831 2613 992 2638 adholanter
1012 2614 1043 2638 B.
1100 2616 1133 2639 34
1154 2615 1307 2646 despiciunt
1320 2615 1351 2639 L.
1366 2615 1402 2639 Μ.
1465 2617 1498 2639 35
1519 2616 1699 2647 ingemiscunt
1715 2615 1742 2639 L.
1763 2616 1797 2639 M.

148 2656 257 2680 Esaiam
277 2656 308 2681 L.
328 2656 364 2681 Jl.
439 2657 470 2681 37
491 2657 650 2682 imitationis
670 2657 701 2681 B.

258 2783 286 2815 l)
311 2782 446 2816 Isidorus,
474 2785 596 2810 Sentent.
621 2782 675 2810 III
693 2792 715 2810 c.
732 2784 788 2817 46;
820 2783 892 2820 Opp.
918 2784 964 2818 VI,
991 2786 1047 2814 333
1060 2795 1119 2822 sqq.

1820 1349 1901 1369 Ezech.
1911 1349 1943 1374 33„

1856 1376 1874 1396 7.
1881 1375 1901 1395 S.

1819 1455 1846 1475 ef.
1858 1456 1876 1475 1.
1885 1455 1939 1479 Reg.

1829 1483 1849 1506 2,
1858 1482 1882 1501 23
1891 1488 1939 1506 sqq.

1820 1624 1898 1645 [erem.
1907 1624 1926 1648 6,
1935 1624 1968 1644 27.

1820 1944 1920 1968 1s.9,1‹;.

1819 2051 1848 2070 ib.
1858 2050 1920 2074 65,5.

1819 2148 1846 2168 οῖ.
1856 2148 1875 2167 1.
1884 2147 1933 2169 Cor.

1845 2175 1865 2199 9,
1874 2175 1906 2195 22.
