2242 3085
135 707 161 726 10

135 973 160 992 15

135 1239 162 1258 20

136 1505 162 1524 25

136 1771 163 1790 30

138 2037 164 2057 35

137 2387 165 2405 40

138 2608 165 2627 45

596 103 646 129 39.
684 102 901 130 CONCILIUM
925 102 1252 134 AQUISGRANENSE
1277 104 1313 130 Α.
1338 103 1410 130 816.
1763 101 1826 131 389

178 206 284 234 tamen,
315 202 337 228 si
367 202 431 228 Deo
458 201 554 235 placet
586 201 660 235 quod
692 201 757 232 dixi,
791 200 872 226 modo
903 200 963 234 ipse
989 200 1037 226 dat
1062 201 1145 227 vires.
1192 201 1255 227 Non
1286 210 1334 227 vos
1359 201 1478 234 desero,
1511 205 1589 227 orate
1617 211 1666 236 pro
1696 210 1749 235 inc,
1783 207 1825 235 ut,

180 259 315 290 quantum
344 255 419 281 inest
449 254 541 280 anima
571 254 599 280 in
622 253 674 279 hoc
705 262 821 288 corpore
851 257 879 279 et
912 253 1130 287 qualescumque
1162 254 1235 280 vires
1259 258 1427 289 suppetunt,
1458 254 1486 280 in
1517 255 1603 281 verbo
1627 255 1682 281 Dei
1707 256 1829 285 serviam

179 309 268 335 vobis.
315 308 417 334 Amen.

287 373 408 405 CXIII.
446 373 547 404 Item
571 383 702 403 sermo
727 372 934 403 secundus
959 372 1005 403 de
1029 373 1116 403 vita
1141 378 1178 403 et
1202 372 1384 404 moribus
1407 373 1646 406 clericorum.
1685 377 1825 406 Caritati¹

179 436 291 459 vestrae
314 432 398 458 hodie
423 432 458 457 de
483 431 562 457 nobis
586 431 653 465 ipsis
678 439 767 457 sermo
792 431 955 457 reddendus
973 434 1025 456 est.
1063 429 1145 461 Quod
1163 431 1235 457 enini
1252 432 1291 457 ait
1309 432 1468 465 apostolus:
1496 431 1732 468 Eaespectaculum
1749 432 1829 467 facti

178 495 272 513 sumus
295 484 397 511 mundo
421 488 446 510 et
468 483 575 520 anqelis
599 487 624 510 et
646 482 807 517 hominibus,
833 484 880 518 qui
904 492 954 509 nos
977 487 1072 510 amant
1097 487 1236 518 quaerunt
1262 485 1336 518 quod
1360 485 1477 511 laudent
1502 486 1530 511 in
1547 486 1640 519 nobis;
1667 486 1715 521 qui
1731 489 1826 512 autem

178 547 228 565 nos
258 539 378 565 oderunt
410 537 562 564 detrahunt
591 537 681 563 nobis.
728 536 785 563 Nos
816 540 911 563 autem
942 537 969 562 in
1000 540 1121 572 utroque
1153 537 1245 563 medio
1276 538 1421 563 constituti
1452 539 1604 565 adiuvante
1630 539 1739 565 domino
1764 540 1827 566 Deo

178 595 273 618 nostro
298 595 327 618 et
350 591 435 617 vitani
458 594 581 616 nostram
605 593 634 616 et
659 590 759 616 famam
783 593 905 616 nostram
929 590 969 616 sie
994 590 1134 617 custodire
1160 591 1306 623 debemus,
1331 594 1363 616 ut
1387 600 1442 617 non
1465 592 1634 618 erubescant
1654 593 1690 619 de
1715 593 1825 619 detrac-

178 645 286 671 toribus
310 645 480 671 laudatores,
518 642 662 674 Quomodo
687 646 780 669 autem
805 643 899 670 vivere.
924 643 1052 676 velimus,
1077 644 1215 678 quomodo
1232 644 1295 670 Deo
1319 644 1441 678 propitio
1466 645 1518 670 iam
1542 646 1675 678 vivamus,
1703 647 1827 680 quamvis

180 699 215 724 de
240 698 379 732 scriptura
402 700 498 723 sancta
522 697 601 722 multi
624 697 769 728 noveritis,
801 700 896 723 tamen
925 697 960 723 ad
984 697 1240 723 commemorandos
1263 706 1311 723 vos
1335 697 1396 731 ipsa
1420 698 1455 723 de
1479 698 1550 724 libro
1575 702 1687 724 actuum
1712 703 1824 733 aposto-

178 751 266 777 lorum
290 751 368 777 vobis
392 750 477 777 lectio
501 749 677 782 recitabitur,
710 753 741 775 ut
772 750 903 782 videatis,
934 750 982 776 ubi
1014 750 1157 784 descripta
1181 751 1217 776 sit
1240 750 1338 783 forma,
1372 760 1453 785 quam
1482 752 1674 778 desideramus
1699 752 1826 786 implere.

178 805 254 830 Dum
279 812 345 839 ergo
368 803 514 836 recitatur,
540 812 587 829 vos
610 803 812 829 intentissimos
836 803 909 835 volo,
941 806 971 829 ut
1002 807 1067 838 post
1092 804 1151 830 eius
1175 804 1371 830 recitationem
1396 805 1471 838 quod
1495 805 1603 831 institui
1628 807 1737 839 loquar,
1768 806 1825 832 Do-

179 858 252 884 mino
277 858 411 889 donante,
436 856 585 882 intentioni
609 859 732 882 vestrae.
781 855 907 891 Cumque
937 857 1069 883 diaeonus
1093 857 1215 883 Lazarus
1239 857 1367 891 legeret:
1403 855 1471 884 Cum
1501 862 1638 892 orassent,
1671 862 1758 885 motus
1791 863 1830 886 pst

179 911 262 944 locus,
287 909 315 937 in
339 919 392 946 quo
416 913 499 936 erant
522 909 692 946 cotzq7·eqati,
725 913 750 936 et
779 909 883 946 impleti
911 913 976 936 sunt
1005 918 1098 937 omnes
1123 909 1231 946 Spiritu
1255 914 1351 937 sancta
1376 914 1401 937 et
1423 910 1607 947 loquebantur
1630 911 1742 938 verbum
1771 912 1828 939 Det

180 973 237 991 cum
262 962 373 1001 fiducia
403 962 478 990 omni
507 962 615 990 volenti.
665 961 853 989 sssultitudim's
882 966 972 990 autem
1004 962 1173 990 credentium
1206 967 1269 990 erat
1297 963 1394 990 anima
1426 967 1451 990 et
1480 973 1528 991 cor
1558 974 1659 998 wzum;
1695 969 1721 991 et
1751 975 1828 993 nemo

179 1025 282 1050 eorum,
307 1025 379 1053 quae
397 1015 567 1052 possidebat,
593 1015 700 1043 dicebat
722 1015 832 1052 aliquid
852 1026 930 1043 suum
955 1026 1020 1049 csse,
1051 1016 1103 1044 sed
1132 1020 1215 1043 erant
1244 1016 1297 1043 illis
1327 1017 1421 1044 omnia
1446 1017 1610 1044 eommunia.
1660 1017 1700 1045 Et
1725 1018 1823 1046 virtute

180 1079 284 1107 maqmz
314 1068 469 1096 reddebant
497 1068 677 1096 testimonium
708 1068 828 1105 apostoli
856 1069 1069 1097 resurrectionis
1100 1069 1205 1097 domini
1231 1069 1303 1103 Iesu,
1332 1070 1484 1107 flratiaque
1513 1080 1619 1108 magna
1650 1075 1713 1099 erat
1743 1081 1829 1108 super

179 1132 272 1150 onmes
296 1122 365 1149 [llos.
405 1122 502 1159 Neque
526 1122 596 1149 enim
621 1131 703 1159 eqens
726 1121 870 1159 quisquam
889 1122 953 1157 fult
975 1122 1047 1150 inter·
1071 1122 1140 1150 illos.
1190 1122 1330 1160 Quotquot
1354 1123 1424 1151 enim
1445 1133 1621 1160 possessores
1641 1125 1827 1161 praediorum

180 1176 223 1203 vel
251 1176 394 1203 domorum
425 1179 508 1202 erant
535 1175 683 1202 vendentes
713 1175 885 1210 adferebant
914 1175 1011 1212 pretia
1041 1175 1149 1203 illorum
1182 1180 1208 1203 et
1234 1176 1380 1212 ponebant
1409 1181 1475 1204 atate
1500 1177 1588 1213 pedae
1620 1178 1826 1214 apostoloruum

181 1228 415 1256 distribuebantur
438 1232 527 1256 autem
552 1228 707 1265 unicuique,
735 1233 824 1265 prout
853 1228 948 1265 cuique
972 1239 1041 1266 opus
1065 1233 1135 1263 erat,
1167 1238 1286 1264 cumque
1311 1230 1435 1256 Lazarus
1466 1231 1599 1257 diaconus
1631 1232 1766 1257 recitaret
1799 1235 1828 1258 et

181 1283 313 1317 episcopo
344 1283 468 1309 codicem
498 1282 672 1315 tradidisset,
706 1282 880 1317 Augustinus
913 1283 1061 1318 episcopus
1086 1283 1171 1309 dixit:
1205 1283 1242 1309 Et
1274 1292 1326 1318 ego
1350 1283 1447 1318 legere
1479 1284 1558 1317 volo,
1590 1284 1653 1319 plus
1687 1285 1759 1311 enim
1783 1294 1827 1311 ine

181 1337 307 1363 delectat
330 1336 411 1362 huius
435 1336 514 1362 verbi
540 1345 602 1363 esse
626 1336 762 1362 lectorem
788 1345 869 1370 quam
893 1336 972 1362 verbi
988 1336 1043 1363 mei
1065 1336 1278 1371 disputatorem.
1317 1335 1384 1363 Cum
1409 1341 1546 1370 orassent,
1572 1341 1658 1364 motus
1683 1341 1722 1364 est
1745 1338 1828 1372 locus,

181 1389 208 1416 in
233 1399 286 1426 quo
311 1392 394 1416 eran!
423 1388 594 1426 conyreqatI,
627 1393 652 1416 et
681 1388 786 1425 impleti
815 1398 909 1416 omncs
933 1388 1042 1425 Spiritu
1071 1393 1169 1416 sancto
1200 1389 1383 1426 loquebantur
1415 1389 1523 1417 verbum
1548 1390 1605 1417 Dei
1635 1400 1692 1417 cum
1717 1390 1829 1428 fiducia

181 1442 256 1469 omni
278 1441 385 1469 volenti.
425 1441 612 1469 4’Πιιῖίὶίιιιῖἰηιζς
636 1446 725 1469 autem
752 1442 920 1469 credentium
945 1446 1008 1469 erat
1030 1442 1127 1469 aalma
1152 1446 1176 1469 et
1200 1452 1247 1469 cor
1264 1452 1365 1476 umus&
1390 1447 1415 1470 et
1430 1453 1508 1470 nemo
1526 1453 1628 1477 eorum,
1654 1454 1726 1480 quae
1737 1444 1829 1480 possi-

181 1495 270 1529 debat,
304 1494 411 1522 dicebat
440 1494 550 1531 aliquid
570 1505 647 1522 szcum
673 1504 738 1529 esse,
770 1496 821 1523 sed
843 1499 926 1522 erant
949 1495 1001 1522 illis
1026 1495 1120 1523 omnia
1144 1495 1308 1523 communia.
1359 1496 1398 1522 Et
1421 1496 1519 1523 virtute
1543 1506 1647 1533 ynnynu
1675 1497 1830 1533 reddebant

181 1548 360 1576 testimonium
385 1547 504 1584 apostoli
526 1548 738 1575 resurrectionis
762 1548 867 1575 domini
889 1548 960 1582 Iesu,
991 1548 1143 1586 qratiaquc
1171 1559 1275 1586 magna.
1300 1553 1362 1576 erat
1383 1559 1469 1586 super
1492 1560 1585 1577 omnes
1609 1550 1678 1577 illos.
1730 1550 1827 1587 Neque

182 1601 251 1629 enim
277 1611 358 1638 eqens
381 1601 526 1638 quisquam
545 1601 608 1636 ficit
630 1601 702 1629 inter
725 1601 795 1629 illos.
845 1601 985 1638 Quotquot
1008 1602 1079 1629 enim
1098 1612 1275 1638 possessores
1294 1602 1480 1638 praediorum
1507 1604 1548 1630 vel
1571 1604 1713 1630 domorum
1747 1608 1831 1631 erant

182 1655 328 1682 vendentes
352 1654 512 1690 afferebant
528 1655 625 1691 pretia
650 1665 742 1682 eorum
768 1659 793 1682 et
810 1655 955 1691 ponebant
977 1659 1044 1682 ante
1061 1655 1150 1692 pedes
1173 1656 1379 1691 apostolorum;
1404 1655 1639 1683 distribuebantur
1659 1661 1750 1683 autem
1766 1657 1827 1684 uni—

181 1707 286 1745 cuique,
306 1711 395 1744 prout
417 1707 514 1744 cuique
536 1718 605 1744 opus
629 1711 699 1735 erat.
743 1708 871 1743 Cumque
898 1709 1045 1743 episcopus
1069 1709 1191 1743 legeret,
1217 1709 1302 1735 dixit:
1329 1709 1467 1742 Audistis,
1493 1710 1561 1744 quid
1578 1710 1712 1743 velimus3
1738 1714 1828 1743 orate,

181 1765 212 1787 ut
236 1761 383 1796 possimus.
431 1760 557 1796 Contigit
589 1765 683 1788 autem
714 1763 853 1796 quaedam
884 1762 1050 1794 necessitas,
1083 1766 1114 1788 ut
1145 1762 1214 1788 haec
1247 1762 1410 1797 diligentius
1434 1772 1558 1797 agerem,
1590 1764 1730 1798 quoniam,
1756 1764 1829 1790 sicut

181 1815 234 1841 iam
250 1815 348 1847 nostis,
373 1815 514 1849 presbiter
538 1815 565 1840 in
589 1818 685 1841 nostra
704 1816 840 1842 societate
866 1816 1035 1842 constitutus
1056 1830 1091 1834 —
1111 1816 1187 1850 quali
1205 1815 1342 1848 societati,
1368 1816 1500 1850 perhibet
1517 1817 1708 1843 testimonium
1732 1817 1828 1849 lectio,

181 1877 265 1902 quam
289 1868 381 1900 modo,
407 1877 468 1894 cum
493 1868 685 1899 recitaremus,
711 1868 827 1894 audistis
854 1884 892 1886 —
918 1869 1038 1895 moriens
1063 1872 1265 1895 testamentum
1289 1868 1368 1901 fecit,
1398 1870 1463 1904 quia
1486 1870 1584 1896 habuit
1608 1871 1682 1897 unde
1708 1870 1828 1897 faceret.

181 1921 250 1947 Erat
275 1922 349 1956 quod
374 1921 483 1948 diceret
508 1930 597 1954 suum,
629 1930 690 1947 cum
722 1922 749 1947 in
781 1931 815 1948 ea
839 1922 976 1949 societate
1001 1922 1120 1953 viveret,
1152 1922 1200 1948 ubi
1231 1922 1335 1948 nemini
1358 1922 1463 1949 licebat
1488 1923 1582 1950 dicere
1607 1924 1713 1958 aliquid
1738 1933 1827 1956 suum,

181 1975 232 2001 sed
258 1983 320 2001 esse
344 1974 398 2000 illis
422 1975 514 2001 onmia
537 1975 701 2001 communia.
750 1974 778 2001 Si
811 1975 871 2009 quis
896 1975 1015 2002 dilector
1046 1978 1075 2001 et
1099 1975 1229 2002 laudator
1258 1979 1356 2002 noster
1385 1977 1460 2010 apud
1492 1977 1679 2003 detractorem
1704 1981 1828 2003 nostrum

181 2029 361 2063 praedicaret
384 2028 465 2054 istam
483 2028 648 2054 societatem
670 2031 698 2054 et
723 2028 847 2055 diceret:
875 2027 954 2054 ‘Cum
980 2029 1112 2063 episeopo
1129 2029 1288 2063 Augustino
1313 2029 1350 2054 sic
1376 2029 1472 2055 vivunt
1496 2038 1591 2056 omnes
1617 2030 1828 2057 cohabitatores

183 2081 254 2113 eius,
279 2081 417 2116 quomodo
440 2082 573 2116 scriptum
600 2085 641 2108 est
667 2082 694 2107 in
719 2082 828 2108 actibus
853 2081 1062 2116 apostolorum⁷,
1087 2083 1218 2108 continuo
1235 2082 1282 2108 illc.
1301 2082 1443 2108 detractor
1460 2087 1544 2116 caput
1561 2092 1686 2116 movens,
1713 2085 1828 2111 dentem

182 2143 358 2169 promovens,
389 2135 515 2161 diceret:
549 2134 603 2161 ‘Ita
626 2144 693 2161 vero
717 2135 756 2161 sic
786 2135 824 2161 ibi
856 2135 967 2168 vivitur,
1001 2136 1138 2169 quomodo
1169 2135 1260 2161 dicis?
1308 2134 1402 2166 Quare
1434 2136 1583 2162 mentiris?
1632 2136 1726 2168 Quare
1758 2138 1830 2164 falsa

291 2282 377 2306 CXII.
408 2284 418 2306 1
442 2279 509 2314 Deo]
531 2283 565 2308 do
585 2283 618 2308 B.
692 2285 706 2308 2
727 2281 852 2314 serviam]
873 2285 993 2308 serviant
1013 2283 1045 2308 B.
1119 2285 1134 2309 3
1154 2285 1240 2309 Amen
1258 2284 1325 2309 deest
1343 2285 1379 2309 Μ.

291 2335 392 2360 CXIII.
421 2337 436 2359 4
455 2334 554 2366 sermo]
582 2338 727 2368 Augustini
747 2337 806 2361 add.
827 2336 857 2361 L.
950 2338 964 2361 5
991 2337 1123 2361 radendus
1145 2337 1176 2361 B.
1268 2338 1283 2361 6
1311 2336 1392 2369 quod]
1415 2346 1465 2369 que
1486 2338 1517 2363 B.
1610 2340 1623 2364 7
1652 2340 1777 2364 deti-aunt
1796 2340 1829 2364 B.

185 2382 199 2403 ὅ
219 2377 268 2410 sic]
291 2388 338 2404 sue
358 2380 390 2404 Β.
476 2380 681 2411 detractoribus]
702 2382 866 2405 tractoribus
886 2381 957 2405 codd.
1051 2383 1079 2405 11
1102 2379 1157 2412 ubi]
1178 2381 1243 2405 hubi
1263 2382 1295 2406 B.
1389 2384 1420 2407 13
1441 2381 1571 2413 orassem]
1593 2384 1732 2408 lior-assent
1750 2384 1789 2408 liic
1807 2389 1830 2408 ct

183 2424 255 2456 iufra
274 2424 306 2448 B.
382 2425 413 2448 14
433 2424 534 2455 Spiritu
554 2423 657 2456 sancto]
677 2428 770 2450 sancto
791 2426 892 2457 Spiritu
912 2425 951 2449 hu:
969 2430 992 2449 et
1011 2425 1082 2457 insta
1102 2425 1133 2450 lt.
1216 2427 1248 2450 15
1268 2426 1435 2451 credentium
1456 2425 1521 2458 erat]
1543 2432 1600 2452 crat
1620 2429 1785 2452 credentium
1808 2429 1830 2452 li'

183 2466 233 2498 (hic
252 2472 274 2493 et
292 2466 383 2500 infra).
403 2468 435 2492 L.
454 2468 486 2492 B.
562 2470 593 2493 18
613 2467 671 2500 fuit]
692 2474 750 2494 erat
762 2470 796 2494 M
809 2468 863 2499 (hic
881 2474 902 2494 et
922 2469 1013 2501 infra).
1088 2470 1234 2501 Quodquot
1252 2470 1292 2495 hic
1310 2475 1332 2495 et
1350 2471 1422 2503 *iizfra
1442 2471 1473 2495 B.
1549 2474 1579 2496 19
1601 2476 1627 2496 et
1646 2474 1783 2505 ponebant
1798 2486 1827 2488 —

184 2512 370 2545 apostolorum
390 2513 479 2537 desunt
499 2513 530 2537 B.
594 2515 623 2538 21
647 2511 778 2545 codicem]
798 2514 942 2545 quodiccni
963 2514 994 2538 Ja'.
1051 2514 1118 2538 dicit
1138 2514 1169 2538 L.
1231 2516 1263 2539 22
1283 2513 1372 2547 quani]
1393 2517 1500 2547 inquam
1523 2516 1552 2540 L.
1608 2518 1641 2541 23
1661 2514 1723 2548 quo]
1745 2526 1776 2541 co
1798 2517 1828 2541 J).

185 2557 286 2589 Spiritu
307 2554 412 2588 sancto]
433 2561 525 2582 sancto
546 2557 648 2589 Spiritu
668 2558 699 2582 R.
718 2558 749 2582 L.
824 2560 856 2583 24
877 2562 934 2583 erat
953 2558 1018 2583 deest
1038 2558 1069 2582 R.
1139 2560 1171 2583 29
1192 2557 1299 2591 cuique]
1320 2561 1363 2583 eui
1384 2560 1416 2584 B.
1484 2562 1517 2585 30
1538 2562 1658 2593 Contigit
1677 2562 1712 2585 his
1730 2570 1776 2585 scr.
1798 2562 1827 2585 JJ'.

185 2603 217 2625 34
239 2599 304 2632 esse]
325 2604 413 2626 essent
432 2602 499 2633 riu-q.
590 2599 624 2633 et]
645 2605 692 2626 aut
711 2602 747 2626 JI.
839 2604 871 2627 35
892 2603 1026 2634 Agustino
1047 2602 1069 2626 L
1095 2601 1117 2632 (e
1136 2602 1219 2634 corr.)-
1311 2603 1521 2635 cohabitatores]
1546 2607 1590 2637 qui
1611 2606 1775 2629 habitatores
1796 2606 1828 2630 B.

185 2647 218 2670 36
238 2643 353 2677 actibus]
374 2646 498 2670 haetibus
518 2646 550 2670 B.
623 2647 654 2671 37
676 2644 723 2678 ibi]
743 2647 794 2671 sibi
814 2647 845 2671 L.

295 2772 323 2806 1)
348 2772 527 2810 Augustinus,
555 2772 652 2800 Serum
676 2772 714 2799 II.
740 2773 773 2800 de
798 2773 852 2800 rita
877 2777 901 2799 e!
925 2772 1044 2800 moribus
1068 2773 1247 2808 clericorum,-
1279 2774 1351 2811 opp.
1377 2775 1406 2808 Γ,
1436 2776 1508 2804 1384
1521 2785 1580 2811 sqq.

1848 441 1866 461 1.
1874 439 1923 460 Cor.
1931 440 1951 463 4,
1961 440 1980 461 9.

1848 868 1896 886 Act.
1906 868 1926 891 4,
1934 868 2003 888 31-35.

1848 1346 1877 1366 ib.
