2242 3085
62 755 87 773 10

60 1020 84 1040 15

59 1288 85 1307 20

60 1581 86 1600 25

62 1847 88 1867 ³0

62 2114 87 2133 35

63 2456 90 2474 40

598 144 646 172 14.
683 144 901 172 CONCILIUM
926 145 1125 173 ROMANUM
1149 147 1185 174 A.
1207 147 1282 176 769.
1718 147 1756 177 91

110 241 180 268 siam
206 251 311 275 meam5
340 245 366 269 ct
389 246 474 278 porte
497 241 588 276 inferi
618 251 671 269 71072
692 241 900 278 praevalebunt
922 242 1058 269 adversus
1082 253 1151 270 eam.
1200 245 1276 271 Vere
1301 255 1356 272 non
1380 247 1567 280 prevalebunt
1594 248 1619 275 ci
1644 248 1671 274 in
1695 257 1758 275 sae-

110 294 202 321 culum
226 295 341 322 saeculi.
378 294 527 330 Cognitum
551 295 667 321 facimus
691 298 720 321 tc
745 295 948 321 sanctissinum]
965 296 1105 322 dominum
1124 306 1175 331 ego
1192 297 1302 324 humilis
1320 299 1484 325 Theodorus
1504 301 1664 334 patriarcha
1679 301 1757 328 Iero-

109 348 278 381 solimorum,
309 352 338 375 et
369 348 416 381 hii,
449 349 496 383 qui
527 349 670 375 nobiscum
699 352 773 377 sunt,
807 347 921 374 Cosmas
949 349 1109 383 patriarcha
1133 349 1322 377 Alexandriae
1356 355 1383 377 ct
1409 352 1574 379 Theodorus
1600 355 1758 388 patriarcha

109 401 269 434 Antiochie,
294 402 382 436 ipsum
407 402 599 436 intellegimus
625 405 654 428 et
679 402 828 434 credimus,
861 402 932 428 sicut
965 406 993 427 et
1018 405 1113 428 vestra
1137 403 1271 429 sanctitas·
1303 408 1382 438 patct
1409 406 1439 431 ct
1464 406 1572 432 cetera
1599 403 1635 442 (I
1655 416 1679 434 ι’.
1698 408 1757 443 18:

110 450 128 481 l.
156 451 175 481 l.
193 462 230 492 p.
248 452 318 491 23).

212 531 245 572 f)
271 530 461 562 Hadrianus
485 530 559 561 haec
584 530 704 561 eaelzz'bet
729 531 758 561 e'n
785 530 926 572 epistola,
953 531 1009 561 ubi
1029 531 1134 572 ayz'tnr
1159 531 1196 561 tle
1212 544 1256 570 ea,
1282 531 1368 573 quod
1385 544 1470 563 vana
1486 534 1526 564 sit
1543 545 1616 575 spes
1635 546 1754 573 commi,

108 583 163 624 qui
186 582 322 614 salutem
347 594 438 614 suam
462 583 495 613 in
519 582 716 624 imaginibus
741 587 874 624 ponunt,
900 582 1062 614 dicentes:
1089 583 1180 615 Sicut
1196 583 1416 616 Israheliticus
1434 586 1571 627 populus
1596 590 1754 629 serpentis

107 636 179 666 enei
196 636 396 678 inspectione
414 641 560 667 servatus
578 641 635 674 est,
662 636 708 666 sic
733 646 791 666 nos
817 641 1001 666 sanctorum
1027 636 1151 678 effigies
1169 637 1364 679 aspicientes
1383 638 1612 671 salvabi1m1r1.
1649 641 1753 672 Antea

106 689 170 719 iam
200 688 260 720 hoc
292 688 446 731 predictis
477 689 577 720 sacris
609 688 755 720 conciliis
786 688 1053 731 predecessorum
1084 700 1228 720 meorum
1261 691 1536 723 sanctissimorum
1567 694 1754 734 pontificum

106 742 314 784 explanatum
345 747 401 782 est,
434 742 579 773 dicentes
611 742 708 773 etiam
739 742 800 773 hoc
831 743 1025 773 sanctissimi
1056 747 1181 784 patres:
1213 743 1433 775 Addendum‘2
1457 750 1505 776 est
1536 745 1578 776 ad
1607 747 1754 778 incredu-

105 795 206 827 lorum
232 795 485 826 satisfactionem
510 800 541 826 et
565 795 776 826 directionem
801 795 987 836 errantium,
1013 795 1099 837 quod
1123 796 1214 827 Deus
1239 797 1358 828 famulo
1383 809 1440 829 suo
1465 798 1549 829 Mosi
1573 801 1755 841 preceperit

106 848 217 880 dicens
234 869 276 871 —
293 849 326 879 in
342 848 423 880 libro
441 849 525 880 enim
540 848 673 880 Numeri
690 849 735 879 ita
750 848 869 890 legitur
885 867 927 871 —
945 853 1057 879 contra
1073 854 1207 891 pestem,
1226 851 1281 891 qui
1299 851 1344 881 eis
1361 851 1514 882 irruerat:
1535 852 1600 883 Fac
1616 861 1754 895 setpente

105 910 133 934 et
148 915 233 945 pone
257 915 324 933 eam
345 915 406 944 pro
429 904 537 944 salutm
565 903 624 944 qui
641 915 809 944 percussus
833 903 991 944 aspexerit
1014 914 1081 933 eum
1113 904 1201 934 vivet.
1250 903 1341 935 Fecit
1363 917 1434 947 erqo
1458 905 1562 936 Moses
1585 914 1754 948 serpentem

105 968 210 987 eneam
243 963 270 987 et
285 957 397 998 posuit
416 968 476 998 pro
500 957 607 997 52:117107·
638 968 727 997 quem
759 968 827 986 cam
855 957 1002 997 percussi
1023 957 1207 997 aspicerent,
1239 958 1440 988 sanabantur.
1490 958 1517 989 O
1543 959 1669 990 insania
1693 960 1754 989 fre-

104 1009 259 1039 mentium
284 1013 395 1039 contra
418 1008 515 1039 fidem
541 1013 572 1039 et
595 1008 785 1050 religionem
811 1008 1037 1047 Christianam,
1068 1014 1104 1039 ut
1128 1015 1275 1040 asserant
1298 1021 1363 1041 non
1388 1010 1494 1042 colere
1519 1016 1574 1042 aut
1597 1023 1754 1047 venerare

104 1062 272 1103 imagines,
297 1062 330 1092 in
355 1061 472 1103 quibus
496 1061 598 1103 figure
631 1062 694 1092 sint
723 1061 902 1101 salvatoris,
928 1062 997 1092 eius
1022 1062 1195 1103 genetricis
1227 1062 1278 1093 vel
1304 1069 1497 1104 sanctorum,
1531 1076 1667 1106 quorum
1691 1066 1754 1096 vir-

103 1120 170 1146 tute
196 1114 340 1146 subsistit
372 1114 469 1155 orbis,
502 1120 598 1157 atque
630 1115 750 1157 potitiu·
781 1115 956 1146 humanum
987 1126 1090 1156 genus
1122 1115 1268 1147 salutem.
1315 1116 1421 1148 Aenei
1446 1119 1604 1160 serpentis
1628 1119 1754 1160 inspec-

103 1169 190 1199 tione
215 1168 377 1199 eredimus
401 1168 638 1199 Israheliticum
671 1167 825 1210 populum
850 1179 869 1198 a
894 1168 1076 1199 calamitate
1102 1169 1221 1200 iniecta
1244 1169 1385 1209 liberari,
1418 1170 1537 1201 Christi
1562 1171 1626 1202 Dei
1654 1173 1755 1202 nostri

105 1227 136 1253 et
167 1226 351 1253 sanctorum
383 1221 508 1263 effigies
541 1222 736 1264 aspicientes
768 1227 865 1263 atque
897 1227 1090 1252 venerantes
1122 1222 1307 1254 dubitamus
1337 1223 1481 1254 salvari?
1535 1224 1631 1255 Absit
1661 1225 1754 1255 talius

103 1275 227 1306 nefarie
252 1275 441 1306 temeritatis
466 1274 583 1306 cedere
608 1286 786 1306 amensum.
826 1275 960 1305 Patrum
984 1276 1107 1317 priscas
1133 1286 1306 1318 sequamur
1330 1276 1520 1308 traditiones
1538 1283 1569 1308 et
1586 1277 1626 1308 ab
1645 1289 1755 1309 eorum

105 1328 252 1360 doctrina
275 1328 363 1360 nulla
388 1328 586 1360 declinemus
611 1329 779 1359 rationem.
815 1328 991 1359 Possumus
1016 1329 1102 1359 enim
1124 1330 1168 1359 ita
1188 1334 1334 1360 tenentes
1360 1330 1631 1372 quemadmodum
1654 1333 1755 1362 nostri

104 1382 352 1424 predecessores
384 1387 480 1424 atque
511 1387 618 1424 patres
651 1393 760 1412 eorum
789 1381 919 1423 plenam
943 1382 1081 1423 gratiam
1107 1382 1252 1413 obtinere
1286 1383 1323 1423 (I
1341 1396 1365 1414 c.
1383 1387 1447 1421 ἒιῐς
1479 1385 1497 1415 l.
1526 1385 1544 1415 l.
1572 1398 1605 1426 p.
1623 1387 1754 1427 2731]ss

209 1464 243 1504 51)
276 1462 467 1493 Hadrianus
497 1463 572 1494 haec
603 1463 714 1504 affert:
745 1486 751 1492 .
779 1486 785 1492 .
812 1486 818 1492 .
852 1473 871 1492 a
900 1461 1056 1503 predictis
1088 1462 1299 1493 sanctissimis
1328 1463 1613 1504 predecessoribus
1638 1465 1755 1496 nostris

105 1514 312 1558 pontificibus
337 1516 369 1545 in
394 1516 495 1546 sacris
521 1514 665 1546 conciliis
691 1526 800 1546 eorum
827 1515 895 1546 eius
922 1514 1003 1555 (scil.
1029 1515 1184 1557 Dyom'sii
1204 1516 1430 1559 Areopagitae)
1463 1517 1653 1549 confirmata
1683 1524 1757 1549 sunt

105 1568 251 1599 veridica
275 1569 459 1599 testimonia
482 1580 540 1610 pro
573 1569 673 1599 sacris
704 1567 901 1610 imaginibus
926 1569 1136 1599 veneratione
1162 1569 1246 1599 inter
1270 1574 1394 1600 cetera:
1426 1569 1670 1612 Amplectentes
1694 1572 1756 1602 ista

106 1633 147 1653 ex
172 1621 308 1664 epistola
332 1622 435 1653 sancti
451 1621 604 1664 Dyonisii
621 1622 766 1663 episcopi
782 1618 993 1661 Athiniensis,
1019 1632 1102 1663 quae
1128 1621 1252 1653 directa
1277 1627 1325 1653 est
1349 1622 1390 1653 ad
1415 1628 1561 1654 sanctum
1578 1623 1755 1655 Iohannem

107 1675 308 1717 evangelista
339 1680 370 1706 et
401 1675 500 1706 infra:
534 1677 632 1710 Quid3
662 1680 799 1711 mirabile,
831 1680 853 1705 si
879 1678 1006 1705 Christus
1037 1688 1132 1712 verax,
1165 1683 1194 1706 et
1226 1681 1378 1715 discipulos
1410 1681 1496 1716 iniqui
1528 1682 1563 1708 de
1596 1682 1756 1708 civitatibus

108 1733 223 1765 eiciunt,
248 1733 301 1768 ipsi
326 1733 410 1768 digne
435 1733 488 1759 sibi
512 1733 682 1765 iudicantes,
716 1736 744 1759 et
776 1733 810 1760 de
836 1742 914 1759 sacro
939 1733 1071 1759 scelerati
1096 1733 1270 1760 interdicunt
1295 1737 1324 1760 et
1348 1735 1532 1761 recidentes?
1578 1735 1611 1761 In
1635 1736 1756 1762 veritate

107 1790 137 1813 et
160 1787 310 1813 manifeste
335 1787 469 1821 imagines
493 1789 560 1812 sunt
583 1786 707 1813 visibiles
731 1786 890 1813 invisibilia.
939 1786 999 1812 Nec
1025 1786 1097 1812 enim
1122 1787 1149 1812 in
1174 1787 1293 1813 saeculis
1318 1788 1585 1822 supervenientibus
1610 1788 1756 1823 culpabilis

108 1841 161 1866 erit
186 1849 220 1866 ex
245 1841 304 1866 eius
328 1840 452 1867 iustitiae
477 1843 625 1874 respectus
650 1840 716 1866 Dei.
763 1834 846 1865 Item
870 1834 1016 1865 eiusdem
1041 1834 1080 1865 de
1106 1835 1245 1866 caeleste
1270 1835 1385 1866 militia
1414 1841 1446 1867 et
1469 1836 1569 1867 infra:
1601 1841 1756 1868 Predicta⁴

108 1894 181 1920 enim
212 1894 377 1928 incorporea
407 1893 517 1928 agmina
548 1893 664 1919 diversis
696 1892 835 1919 coloribus
860 1892 1055 1927 effigurantur,
1090 1897 1118 1919 ct
1150 1894 1390 1928 conpositionibus
1421 1895 1542 1921 vai-iosus
1573 1904 1624 1929 per
1648 1896 1756 1922 colores

107 1947 235 1979 tradidit,
268 1950 407 1981 quatenus
438 1947 459 1972 si
492 1947 578 1973 tacite
604 1946 790 1980 nosmetipsas
820 1956 873 1981 pcr
897 1947 1096 1973 sacratissimas
1129 1946 1238 1982 effigies
1270 1949 1305 1974 ad
1337 1948 1475 1983 simplices
1508 1952 1537 1975 et
1568 1949 1755 1984 incorporales

106 2001 154 2035 pia
177 2004 272 2026 mente
298 2004 490 2033 transeamus3
517 2000 622 2026 etenim
646 2000 809 2034 inpossibile
836 2004 879 2026 est
903 2004 999 2026 nostra
1023 2004 1119 2027 mente
1144 2001 1179 2026 ad
1196 2001 1361 2035 incorporea
1377 2001 1424 2027 illa
1440 2002 1604 2037 pertingere
1623 2003 1755 2029 caelestis

105 2053 221 2080 militiae
246 2053 402 2080 imitatione
426 2053 628 2087 visionemque,
654 2053 706 2078 nisi
730 2062 782 2087 per
807 2053 1009 2079 elementorum
1034 2054 1188 2087 poterimus
1212 2063 1264 2088 per
1280 2055 1417 2081 visibilem
1442 2056 1477 2081 ad
1502 2056 1667 2082 invisibilem
1692 2057 1754 2090 pul-

107 2107 326 2142 cherrimamque
358 2107 460 2142 attingi
491 2106 614 2141 effigiem
647 2110 675 2133 et
705 2106 830 2133 visibiles
860 2106 1070 2141 odoriferasque
1103 2107 1237 2142 imagines
1268 2108 1396 2134 rationali
1426 2109 1576 2135 traditione
1602 2109 1756 2136 invisibiles

106 2160 230 2195 prefulgi
255 2161 286 2186 et
310 2160 418 2187 cetera
443 2155 481 2197 (I
499 2169 522 2186 c.
541 2161 603 2195 36,-
629 2156 647 2186 l.
675 2156 694 2186 l.
713 2168 750 2197 p.
768 2158 814 2188 32
826 2156 896 2197 sq.).

218 2319 246 2342 11
269 2315 350 2349 Mosi]
370 2318 459 2350 Moysi
479 2318 506 2342 in
524 2318 604 2342 altera
622 2318 724 2349 epistola
744 2317 875 2341 Hadriani
893 2315 937 2347 (=
959 2315 1034 2347 H2).
1120 2315 1282 2350 preceperit]
1302 2320 1435 2351 praecipit
1454 2319 1485 2343 Il
1496 2321 1518 2343 2.
1607 2322 1637 2345 12
1659 2321 1756 2345 Nume-

109 2370 199 2386 rorum
219 2362 281 2386 ΗΞ.
355 2359 411 2394 qui]
433 2371 502 2394 quae
522 2362 583 2386 H2,
658 2359 706 2393 eis]
727 2363 754 2385 in
775 2370 822 2385 eos
842 2362 903 2385 ΗΞ.
980 2363 1010 2385 13
1031 2361 1139 2393 Moyses
1159 2362 1220 2386 ΠΒ.
1288 2364 1318 2386 14
1340 2372 1454 2387 aeneum
1474 2364 1535 2388 112.
1612 2366 1642 2388 16
1663 2363 1756 2396 figure]

108 2407 238 2439 figuratae
259 2406 320 2431 H2.
402 2404 558 2438 salvatoris]
578 2407 711 2438 imagines
730 2406 789 2430 add.
810 2406 872 2430 ΗΞ.
947 2403 1012 2436 eius]
1033 2409 1059 2430 et
1079 2406 1135 2430 eius
1155 2406 1216 2430 112.
1296 2408 1437 2438 genitricis
1457 2408 1518 2432 ΗΞ.
1599 2410 1630 2432 18
1651 2409 1756 2433 Israeli-

108 2451 191 2475 ticum
210 2451 274 2475 Hs.
331 2451 430 2476 Christi
444 2448 507 2482 Dei]
528 2454 554 2476 et
569 2451 668 2475 Christi
681 2451 791 2475 Domini
812 2450 873 2474 He.
934 2451 965 2474 19
984 2449 1065 2474 talius
1079 2463 1113 2467 —
1127 2448 1275 2482 amensum]
1289 2451 1335 2476 tali
1356 2453 1475 2477 nefariae
1495 2454 1640 2477 temeritati
1661 2454 1756 2478 cedei-c

110 2503 248 2520 assensum
267 2495 322 2520 H?
340 2495 437 2520 rectius.
511 2496 540 2520 21
565 2496 668 2520 ratione
690 2495 751 2519 112.

221 2648 248 2683 1)
273 2649 308 2677 In
333 2648 442 2677 concilii
456 2648 578 2677 Nicaem'
593 2648 632 2676 II.
659 2646 699 2685 (a.
717 2646 793 2685 787)
819 2647 927 2675 actione
949 2647 999 2681 V.‚·
1025 2647 1124 2675 Mansi
1139 2648 1225 2682 XIII,
1251 2649 1317 2677 167.
1401 2649 1430 2681 2>
1457 2650 1606 2686 ›Sequenlia
1630 2651 1758 2687 (egsuulnr

112 2701 193 2729 etiam
224 2702 253 2729 in
285 2702 400 2739 epistola
431 2701 581 2730 Hadriani
603 2702 637 2736 L,
669 2701 767 2729 Mansi
790 2700 860 2735 XII,
893 2701 971 2730 1064
995 2697 1147 2737 (Jaffd-E.
1173 2712 1200 2728 71.
1217 2699 1321 2738 2448).
1421 2703 1451 2736 3)
1478 2702 1630 2737 Dionysius
1654 2704 1756 2740 Armqt.

113 2755 154 2782 ad
175 2754 328 2782 Iohannem
353 2764 470 2793 evany.;
503 2754 575 2792 Opp.
601 2756 643 2783 ed.
671 2754 823 2783 Corderius
847 2754 870 2787 L
896 2755 963 2783 616.
1060 2753 1089 2786 4)
1116 2753 1202 2788 Idem,
1228 2755 1273 2781 De
1297 2755 1404 2782 coelesti
1427 2755 1588 2783 hierarchia
1613 2767 1635 2783 (κ
1656 2758 1669 2784 1
1692 2761 1705 2785 ,ὅ
1723 2760 1757 2785 55:

66 2813 92 2832 45
115 2807 221 2845 Illique,
247 2807 356 2835 Patrol.
383 2806 499 2836 Graeca
523 2807 579 2842 HI,
605 2809 671 2837 121.
715 2808 745 2835 V.
772 2817 843 2844 quae.
870 2807 906 2833 K.
932 2807 1045 2843 Ilampe
1070 2811 1188 2833 annotat
1212 2808 1228 2834 l.
1255 2809 1271 2834 l.
1293 2818 1324 2844 J).
1343 2810 1381 2836 32
1405 2819 1473 2835 ann.
1498 2810 1526 2837 8.
1552 2812 1578 2837 9.

1498 2874 1544 2901 12Ἱς

1774 866 1839 887 Num.
1846 866 1878 890 21,
1885 866 1904 890 8,
1911 866 1932 887 9.
