2242 3085
296 380 324 399 cs.
333 379 415 398 2⁴'l'inu

333 406 381 427 4,1.

260 1238 341 1258 Panum,
349 1238 380 1261 70,
389 1238 420 1258 14.

434 124 475 153 GS
917 122 964 149 12.
1003 122 1219 150 CONCILIUM
1244 122 1444 149 ROMANUM
1468 122 1503 148 A.
1527 121 1599 148 761.

434 221 466 250 in
499 219 567 249 eius
598 229 658 248 usu
690 228 747 258 pro
783 216 969 258 quotidiana
1000 215 1151 247 sacrificii
1183 214 1344 246 oblatione
1377 220 1407 245 et
1437 214 1680 246 luminariorum
1713 215 1960 245 concinnatione
1985 220 2083 256 atquc

435 271 667 302 sustentatione
693 269 758 300 illic
784 269 1026 300 consistentium
1051 268 1282 299 monachorum
1307 268 1502 309 sempiterno
1527 268 1595 298 iure
1620 267 1800 309 proficiant.
1848 267 1942 298 Unde
1968 272 1999 298 et
2023 267 2082 299 sub

436 323 572 355 terribili
596 329 692 365 atque
717 322 885 353 tremenda
909 322 1008 353 futuri
1033 322 1191 352 examinis
1217 321 1269 351 die
1294 320 1451 351 adventus
1472 321 1582 362 magni
1606 320 1727 351 domini
1743 321 1843 351 nostri
1861 320 1935 351 Iesu
1953 320 2082 360 Christi,

436 378 469 408 in
495 388 558 419 qua
583 376 784 407 iudicaturus
810 381 857 406 est
882 376 973 405 vivos
999 381 1029 405 et
1054 380 1195 405 mortuos
1225 380 1256 404 et
1281 373 1424 404 seculum
1448 385 1508 415 per
1531 374 1649 415 ignem,
1675 374 1771 404 etiam
1796 379 1827 404 et
1849 374 2000 404 maximis
2024 373 2083 405 sub

437 430 650 461 anathematis
676 427 956 459 interdictionibus
981 428 1102 459 domini
1131 427 1231 458 nostri
1255 426 1342 457 beati
1359 426 1447 457 Petri
1471 427 1626 469 principis
1651 426 1869 468 apostolorum
1894 427 2084 458 auctoritate
2104 441 2116 460 5

437 483 641 514 decernimus
663 481 741 513 nulli
767 492 895 523 quoquo
912 481 1007 512 modo
1024 486 1205 512 nostrorum
1224 491 1446 510 successorum
1462 480 1651 521 pontificum
1667 479 1764 510 licere
1778 479 1831 510 vel
1847 479 1929 510 aliae
1947 491 2085 521 magnae

436 547 623 578 parvaeque
655 546 823 577 personae,
857 535 1077 576 cuiuscunque
1110 534 1149 564 sit
1178 533 1307 563 honoris
1331 532 1477 574 preditus
1502 533 1669 575 dignitate,
1701 532 1845 574 qualibet
1870 533 2085 574 exquisitione

437 589 560 630 ingenii
585 594 653 619 arte
678 587 855 618 dissolvere
879 587 970 624 haec,
997 598 1079 629 quae
1104 598 1123 617 a
1146 586 1239 617 nobis
1263 586 1316 627 pio
1341 586 1457 616 intuitu
1482 586 1523 617 ad
1540 585 1668 617 laudem
1692 585 1906 628 redemptoris
1930 586 2030 616 nostri
2055 591 2086 616 et

438 642 592 673 honorem
618 646 802 672 sauctorum
827 641 895 671 eius
921 640 1094 671 constituta
1118 646 1201 678 sunt,
1226 650 1266 670 ne
1291 639 1419 681 penitus
1445 651 1486 670 ex
1511 639 1633 683 eisdem
1657 639 1735 670 locis
1759 639 1812 670 vel
1828 638 2085 681 possessionibus

438 701 534 737 atque
559 694 656 725 rebus
682 700 713 725 et
737 693 956 733 facultatibus,
982 693 1112 724 familiis
1137 693 1234 723 etiam
1259 703 1297 723 ac
1322 692 1458 734 peculiis
1482 692 1534 723 vel
1560 692 1715 734 quicquid
1739 692 1781 723 ad
1797 692 1883 723 idem
1900 691 2085 723 venerabile
2107 705 2132 724 111

437 748 668 779 monasterium
692 748 854 790 pertinere
879 747 1090 788 dignoscitur,
1116 746 1242 776 auferre
1266 756 1372 787 neque
1399 756 1527 787 quoquo
1552 745 1647 776 modo
1673 745 1823 785 alienare,
1848 746 1954 787 potius
1979 750 2086 776 autem

439 812 560 834 omnes,
585 806 620 832 ut
644 800 803 843 prelatum
829 805 886 840 est,
912 801 944 830 in
970 799 1084 830 eodem
1109 804 1220 830 sancto
1245 798 1314 829 loco
1340 799 1559 840 perempniter
1582 799 1615 829 in
1639 799 1765 840 integro
1783 803 2004 840 permaneant,
2030 797 2087 829 sed

438 866 499 886 nec
524 854 636 893 abbas,
663 854 717 896 qui
740 865 798 895 pro
826 858 970 895 tempore
997 864 1105 883 curam
1133 852 1233 894 ipsius
1257 852 1445 882 monasterii
1470 852 1616 893 gesserit,
1650 863 1778 893 quoquo
1802 851 1898 882 modo
1922 858 2088 893 presumat

439 907 615 949 quemlibet
645 907 762 946 locum,
796 907 850 948 qui
881 907 914 936 111
944 918 1004 937 usu
1035 906 1145 936 existit
1173 906 1371 944 monasterii,
1403 906 1554 947 cuiquam
1586 905 1693 936 locare
1725 910 1780 936 aut
1807 904 1996 936 venundare
2026 915 2087 935 nec

439 961 606 1002 quippiam
639 972 679 991 ex
711 960 808 991 rebus
841 960 870 990 ei
901 958 1137 1001 pertinentibus
1170 959 1198 989 ei
1229 970 1385 1000 usurpare
1411 964 1466 989 aut
1490 958 1651 989 fraudare.
1700 958 1884 989 Statucntes
1908 958 2033 988 interea
2057 964 2089 988 et
2108 971 2134 989 15

439 1014 499 1045 1100
525 1014 740 1050 decernimus,
774 1019 808 1044 ut
841 1017 957 1044 cuneta
989 1013 1198 1054 congregatio
1229 1011 1460 1043 monachorum
1490 1013 1523 1042 in
1555 1011 1669 1042 eodem
1701 1017 1812 1042 sancto
1845 1011 2087 1042 consistentium

440 1067 635 1098 monasterio
661 1068 780 1108 septies
805 1067 838 1097 111
863 1066 915 1096 die
940 1065 1069 1097 domino
1086 1065 1159 1096 Deo
1181 1070 1289 1096 nostro
1307 1065 1449 1096 referant
1473 1065 1585 1096 laudes
1606 1070 1636 1095 et
1662 1064 1805 1095 debitum
1829 1064 1894 1095 illic
1920 1065 2087 1106 quiescen-

439 1120 525 1151 tibus
550 1119 746 1162 martyribus
779 1125 875 1161 atque
908 1117 1146 1150 confessoribus
1172 1117 1292 1149 Christi
1322 1118 1510 1160 persolvant
1540 1118 1704 1152 honorem,
1738 1119 1835 1148 etiam
1867 1123 1899 1148 et
1929 1118 1955 1148 si
1986 1118 2088 1148 virtus

439 1173 636 1209 subvenerit,
673 1172 888 1214 amplissimas
925 1171 1030 1203 eidem
1065 1171 1262 1213 redemptori
1296 1176 1406 1202 nostro
1442 1171 1592 1202 studeant
1622 1172 1743 1202 referre
1775 1170 1898 1210 laudes,
1935 1171 2088 1212 quoniam

440 1227 594 1268 scriptum
620 1231 683 1256 est:
710 1226 874 1257 Ade'z'coe'am
900 1238 994 1267 super
1018 1238 1134 1256 omnem
1162 1225 1286 1256 landem
1311 1232 1403 1256 tuam.
1440 1224 1523 1255 Nam
1541 1230 1572 1255 et
1588 1225 1649 1255 hoc
1666 1224 1908 1266 promulgantes
1926 1224 2088 1254 sancimus
2108 1236 2135 1254 20

439 1285 471 1310 et
494 1291 553 1321 per
585 1279 811 1320 omnipotentis
835 1278 901 1309 Dei
931 1279 1032 1309 nostri
1063 1278 1214 1308 virtutem
1247 1277 1306 1308 sub
1337 1277 1472 1308 terribili
1503 1277 1717 1308 anathematis
1749 1277 1945 1318 obligatione
1977 1288 2088 1307 omnes

440 1333 569 1363 omnino
601 1332 765 1363 obstantes
797 1331 1001 1362 decernimus
1031 1330 1153 1362 nullum
1183 1342 1326 1373 unquam
1356 1331 1500 1373 presumi
1531 1330 1709 1372 quamlibet
1741 1330 2002 1361 contrarietatem
2034 1335 2089 1361 aut

439 1385 593 1416 malitiam
624 1386 658 1416 in
689 1385 802 1416 eodem
832 1391 940 1416 nostro
972 1385 1167 1415 monasterio
1198 1384 1251 1415 vel
1282 1383 1518 1426 pertinentibus
1550 1384 1579 1414 ei
1605 1384 1710 1414 causis
1734 1383 1864 1423 inferre,
1897 1383 1954 1414 sed
1984 1384 2088 1425 magis

439 1450 497 1480 pro
521 1439 586 1470 Dei
618 1439 731 1469 timore
763 1444 795 1469 et
825 1439 967 1469 maximo
999 1443 1182 1468 sanctorum
1215 1438 1283 1468 eius
1314 1437 1435 1468 honore
1467 1438 1575 1468 cuncti
1606 1437 1771 1468 iuvamina
1802 1442 1833 1468 et
1857 1436 1970 1467 auxilii
1995 1448 2089 1478 opem

440 1492 545 1523 eidem
580 1498 691 1523 sancto
725 1492 921 1523 monasterio
954 1491 1007 1521 vel
1040 1490 1276 1532 pertinentibus
1310 1491 1339 1521 ei
1371 1491 1477 1521 causis
1509 1495 1605 1532 atque
1637 1489 1829 1521 utilitatibus
1860 1491 2019 1531 ingerant,
2054 1495 2134 1520 111-15

439 1546 615 1587 participes
642 1551 672 1576 et
696 1546 758 1587 ipsi
784 1545 877 1576 huius
902 1544 977 1575 boni
1003 1544 1186 1575 efficiantur
1210 1544 1316 1586 operis
1342 1549 1373 1574 et
1396 1543 1555 1574 mercedis
1586 1544 1709 1585 premia
1741 1543 1964 1574 huiuscemodi
1992 1542 2089 1574 bene-

439 1599 512 1629 ficio
537 1598 578 1629 ab
605 1599 823 1640 omnipotente
840 1598 913 1628 Deo
939 1602 1188 1639 consequantur.
1225 1597 1317 1628 Haec
1334 1608 1412 1628 vero
1430 1597 1537 1627 omnia
1561 1608 1580 1627 a
1603 1596 1697 1627 nobis
1722 1596 1764 1627 ad
1788 1596 1917 1628 laudem
1942 1596 2089 1638 redemp-

441 1652 518 1683 toris
554 1652 655 1682 nostri
691 1651 894 1693 promulgata
931 1656 962 1681 et
997 1650 1037 1681 ab
1073 1651 1225 1681 universo
1258 1650 1450 1681 sacerdotali
1482 1650 1618 1681 concilio
1650 1650 1839 1680 confirmata
1873 1655 1905 1681 et
1938 1650 2089 1681 maximis

441 1704 694 1747 obligationibus
716 1704 935 1744 corroborata,
961 1715 1043 1746 quae
1060 1704 1133 1735 Deo
1158 1704 1233 1734 vivo
1259 1709 1291 1734 et
1313 1715 1391 1735 vero
1417 1703 1620 1734 decernimus
1644 1704 1832 1745 perenniter
1855 1703 2088 1734 conservanda.

441 1759 475 1790 Si
501 1759 571 1800 quis
604 1764 710 1789 autem
740 1769 780 1789 ex
806 1758 922 1789 nostris
948 1757 1189 1788 successoribus
1214 1756 1420 1799 pontificibus
1444 1762 1499 1788 aut
1523 1768 1565 1787 ex
1589 1767 1781 1798 quocunque
1806 1756 1934 1787 homine
1958 1761 2089 1798 potente
2109 1768 2136 1786 30

440 1811 493 1842 vel
518 1812 680 1851 inferiore,
705 1823 824 1853 magna
849 1811 974 1842 scilicet
997 1821 1163 1852 parvaque
1188 1822 1338 1852 persona,
1364 1810 1585 1852 cuiuscunque
1611 1810 1651 1840 sit
1674 1809 1804 1840 honoris
1820 1809 1965 1851 preditus
1987 1809 2089 1851 digni-

441 1871 517 1905 tate,
542 1865 775 1906 presumpserit
801 1875 994 1906 quocunque
1020 1869 1210 1905 argumento
1234 1863 1287 1894 vel
1313 1864 1475 1905 exquisita
1499 1863 1668 1894 occasione
1685 1862 1776 1901 haec,
1803 1873 1884 1904 quae
1902 1873 1921 1893 a
1937 1861 2030 1893 nobis
2047 1862 2089 1893 ad

443 1918 563 1949 cultum
580 1918 645 1949 Dei
663 1924 781 1949 statuta
806 1923 888 1952 sunt,
915 1917 1080 1948 destruere
1105 1922 1160 1948 aut
1185 1917 1361 1948 dissolvere
1385 1916 1437 1948 vel
1462 1917 1495 1947 in
1520 1927 1712 1958 quocunque
1736 1915 1832 1946 modo
1856 1920 2014 1946 temerare
2035 1920 2090 1946 aut

442 1972 607 2013 refragare
633 1976 672 2009 et,
700 1971 785 2013 quod
809 1982 873 2002 non
899 1976 1056 2013 optamus,
1090 1969 1267 2012 quemlibet
1290 1970 1394 2001 10011111
1420 1975 1474 2000 aut
1497 1970 1735 2011 possessionem
1760 1969 1812 1999 vel
1838 1968 1993 2010 quicquid
2017 1980 2088 2010 pre-

442 2025 528 2056 dicto
546 2024 726 2055 venerabili
743 2025 938 2055 monasterio
963 2025 1125 2066 pertinere
1151 2023 1352 2065 dignoscitur
1376 2023 1503 2054 auferre
1528 2028 1582 2053 aut
1607 2022 1748 2053 alienare
1774 2034 1814 2053 ex
1840 2022 1953 2053 eodem
1977 2027 2088 2053 saneto
2108 2033 2135 2052 35

1518 2177 1529 2186 η

550 2180 560 2202 1
585 2182 611 2202 et
632 2176 845 2208 luminariorum]
866 2179 893 2201 111
915 2177 1086 2201 luminarium
1106 2177 1169 2202 Bar.
1233 2178 1247 2200 2
1268 2173 1335 2207 illic]
1356 2175 1420 2200 illuc
1440 2176 1464 2199 A
1476 2177 1499 2199 2.
1513 2187 1538 2200 ο.
1597 2173 1810 2205 consistentium]
1833 2175 2005 2199 existentium
2025 2174 2089 2199 Bar.

442 2224 456 2247 3
479 2220 568 2254 atque]
590 2227 615 2247 et
634 2223 697 2247 Bar.
762 2223 850 2246 sutura
870 2222 893 2246 A
906 2224 982 2246 1—3.
1003 2221 1066 2246 Bar.
1133 2218 1273 2251 examinis]
1295 2221 1414 2245 cavimus
1434 2221 1457 2244 A
1470 2222 1546 2245 1-3.
1567 2228 1694 2244 cavemus
1716 2220 1779 2244 Bar.
1843 2221 1858 2243 4
1879 2220 2008 2243 maximus
2030 2220 2053 2243 A
2064 2221 2088 2243 3.

443 2268 457 2290 ἵ)
478 2265 573 2298 nostri]
595 2268 656 2291 Iesu
671 2267 771 2291 Christi
790 2267 850 2290 add.
865 2268 887 2290 A
902 2269 977 2295 1—3,
998 2267 1061 2290 Iesu
1075 2265 1174 2289 Christi
1196 2268 1221 2289 et
1239 2265 1299 2289 tuld-
1318 2265 1381 2289 Bar.
1457 2266 1471 2288 6
1492 2262 1570 2294 aliae]
1592 2264 1674 2288 alicui
1695 2264 1757 2288 Bar.
1826 2265 1839 2288 7
1860 2261 1991 2295 preditus]
2012 2272 2087 2295 prae-

443 2312 500 2335 dita
523 2312 582 2335 law.
639 2312 654 2335 S
676 2320 690 2335 a
709 2312 774 2335 deest
794 2312 816 2335 A
830 2314 853 2334 2.
868 2314 891 2335 3.
947 2308 1002 2342 pio]
1026 2318 1073 2341 pro
1094 2310 1118 2333 A
1131 2313 1153 2333 1.
1174 2310 1206 2333 Jn'.
1263 2311 1277 2333 9
1298 2307 1341 2339 ne]
1364 2317 1413 2334 nec
1434 2309 1496 2333 Bar.
1560 2306 1669 2340 eisdem]
1691 2309 1812 2333 eiusdem
1831 2309 1889 2337 213,
1910 2308 2005 2332 iisdem
2025 2308 2088 2332 Bar.

444 2358 475 2379 10
496 2354 537 2386 ac]
561 2360 587 2380 et
608 2356 669 2380 Bar.
756 2353 837 2385 idem]
859 2356 971 2379 eundem
993 2355 1016 2378 A
1029 2358 1052 2380 2.
1066 2356 1089 2378 3.
1178 2356 1209 2378 12
1230 2355 1320 2378 omnia
1340 2354 1403 2377 Bar.
1489 2354 1644 2385 perenniter
1663 2353 1726 2377 Bar.
1811 2354 1841 2377 15
1863 2349 2010 2384 quippiam]
2031 2353 2087 2376 cui·
2107 2361 2137 2379 40

443 2409 521 2430 quam
544 2400 604 2424 L'ur.
680 2401 760 2424 rebus
781 2398 815 2430 ei]
839 2400 918 2423 rebus
940 2400 1052 2423 ,11-3,
1072 2399 1104 2423 B.
1184 2399 1380 2430 pertinentibus
1402 2395 1436 2428 ei]
1456 2398 1654 2429 pertinentibus
1674 2397 1736 2421 Bar.
1818 2395 1872 2427 aut]
1893 2405 1924 2421 ac
1946 2395 1969 2419 Α
1982 2398 2004 2420 2.
2026 2397 2088 2420 Bar.

444 2446 475 2467 16
496 2451 589 2468 saneto
609 2445 674 2469 deest
693 2445 724 2468 Ja'.
813 2445 844 2468 18
866 2441 956 2474 ctiam]
977 2440 1055 2468 stifim
1076 2442 1100 2465 A
1113 2446 1136 2467 1.
1152 2445 1174 2468 2,
1203 2443 1250 2466 sed
1271 2443 1351 2466 etiam
1371 2442 1434 2466 Bar.
1522 2439 1558 2471 et]
1579 2442 1644 2465 deest
1663 2442 1695 2471 R,
1718 2442 1741 2465 ei
1762 2441 1824 2465 Bar.
1909 2439 1940 2472 si]
1960 2442 2005 2472 qui
2026 2441 2088 2465 Bar.

442 2486 537 2518 virtus]
561 2490 629 2513 vires
650 2489 712 2512 Bar.
802 2490 831 2512 19
852 2489 977 2512 subvenit
998 2488 1060 2512 Bar.
1153 2487 1325 2519 amplissimis
1345 2487 1369 2510 A
1381 2488 1404 2510 3.
1488 2483 1585 2516 eidvm]
1608 2487 1726 2509 omnium
1746 2486 1809 2510 Bar.
1890 2486 1923 2509 20
1943 2483 2088 2515 Adiieiam]

442 2533 578 2556 Actutiam
601 2534 658 2558 Δ12.
680 2534 711 2556 Et
731 2533 858 2557 adiiciam
879 2533 941 2556 Bar.
1028 2534 1057 2556 21
1082 2533 1167 2556 omnis
1188 2533 1246 2555 113.
1332 2532 1365 2555 22
1386 2531 1496 2554 0111111110
1515 2530 1580 2554 deest
1600 2530 1661 2554 Bar.
1753 2528 1901 2559 obstantes]
1922 2530 2088 2553 obtestantes

442 2577 536 2601 emend.
557 2577 619 2601 L'ar.
704 2585 877 2609 praesumere
899 2577 960 2601 Bar.
1045 2578 1077 2600 24
1098 2573 1246 2605 iuvamina]
1266 2575 1385 2599 iuamina
1405 2575 1427 2598 A
1441 2577 1463 2603 2,
1494 2575 1621 2598 unanima
1642 2575 1700 2598 213.
1783 2575 1816 2598 25
1838 2571 1934 2604 eidem]
1954 2575 2005 2605 ipsi
2026 2574 2088 2597 Bar.
2108 2581 2136 2599 45

443 2627 536 2645 sancto
558 2623 721 2645 nmmsteric»
741 2622 830 2645 [Ios-unt
849 2622 911 2645 Bar.
1004 2622 1042 2645 eis
1064 2621 1086 2644 A
1099 2622 1122 2644 3.
1210 2621 1241 2644 26
1264 2619 1412 2643 efficiantur
1433 2616 1530 2650 operis]
1551 2620 1640 2650 operis
1661 2618 1813 2643 efficiantur
1834 2618 1864 2642 B.
1950 2619 1981 2642 2?
2004 2619 2087 2642 omui-

442 2667 543 2696 pntenti
565 2666 596 2689 B.
619 2666 678 2689 Bar.
772 2669 977 2697 consequuntur
998 2666 1019 2689 Α
1034 2668 1056 2689 2.
1071 2666 1094 2689 3.
1125 2671 1321 2695 consequamur
1340 2663 1402 2687 Bar.
1494 2664 1526 2687 ‘29
1547 2671 1614 2694 quae
1634 2663 1698 2687 deest
1718 2663 1780 2687 Bar.
1866 2664 1899 2686 30
1921 2670 2088 2693 quocumque

442 2710 480 2733 Mc
499 2714 521 2733 et
541 2710 610 2741 infru
634 2711 694 2733 Bar.
781 2712 810 2734 31
835 2707 977 2741 dignitate]
1000 2714 1024 2733 et
1046 2710 1187 2740 dignitatis
1208 2709 1270 2732 Bar.
1356 2709 1388 2731 33
1410 2704 1557 2738 destruere]
1579 2708 1709 2731 distruere
1731 2708 1829 2731 1113.
1910 2706 1953 2730 vel
1972 2706 2037 2730 deest
2056 2706 2089 2729 B.

443 2755 469 2777 in
489 2754 554 2778 cleos!
575 2755 606 2778 A.
629 2754 688 2778 lotar.
768 2762 925 2785 quocunque
947 2751 1036 2784 modo]
1058 2761 1190 2785 quoquam
1212 2754 1234 2776 A
1248 2756 1271 2776 2.
1286 2755 1309 2776 3.
1330 2752 1362 2781 B,
1383 2752 1571 2783 quoquomodo
1593 2750 1661 2775 Bar]
1724 2749 1866 2782 temerare]
1887 2751 1922 2775 ita
1941 2751 2002 2775 coni.
2018 2751 2088 2780 Bao-q

443 2802 543 2823 tvmere
563 2799 616 2823 rell.
691 2802 735 2822 aut
757 2796 903 2829 refragare]
925 2802 970 2822 aut
991 2799 1069 2822 etiam
1090 2798 1213 2829 frangere
1235 2797 1296 2820 Bar.
1372 2798 1404 2820 34
1425 2794 1568 2827 refragare]
1589 2804 1718 2827 repagare
1740 2796 1770 2819 R.
2108 2801 2139 2819 50
