2242 3085
394 125 456 155 342
808 123 858 152 39.
896 123 1112 150 CONCILIUM
1136 120 1462 154 AQUISGRANENSE
1486 120 1523 147 A.
1544 120 1618 147 816.

394 234 427 251 ex
451 224 537 250 tantis
562 222 659 257 procul
684 222 768 247 dubio
793 221 833 247 rei
858 224 933 252 sunt,
959 220 1072 254 quantis
1095 220 1244 246 venientes
1268 219 1303 246 ad
1328 218 1468 253 publicum
1491 218 1627 252 prodesse
1655 220 1818 251 potuerunt.
1866 216 1933 247 Qua.-
1959 217 2032 243 enim

393 281 488 303 mente
521 277 552 303 is.
589 276 637 310 qui
672 274 800 309 proximis
837 273 1000 308 profuturus
1036 273 1218 303 enitesceret,
1254 271 1370 298 utilitati
1404 274 1578 297 caeterorum
1609 273 1750 296 secretum
1780 270 1911 304 proponit
1942 279 2031 304 suum,

394 330 505 364 quando
529 330 589 363 ipse
614 328 710 354 summi
735 327 822 361 patris
849 326 1022 360 unigenitus,
1046 329 1078 351 ut
1101 326 1195 351 multis
1215 325 1372 359 prodesset,
1399 325 1434 350 dc
1452 324 1514 349 sinu
1529 323 1616 357 patris
1634 331 1763 357 egressus
1780 327 1824 349 est
1840 323 1874 348 ad
1891 323 2033 357 publicum

394 382 538 409 nostrum?
574 378 667 407 Suntl
691 380 826 411 nonnulli,
853 379 899 413 qui
925 388 959 405 cx
982 379 1041 405 sola
1063 379 1220 405 humilitate
1245 378 1400 412 refugiunt,
1425 385 1459 403 ne
1484 377 1536 408 his,
1561 376 1662 410 quibus
1686 385 1716 402 se
1740 376 1852 410 inpares
1873 376 2031 409 aestimant,

393 436 601 470 praeferantur.
657 433 780 464 Quorum
811 432 939 467 profecto
968 432 1119 463 humilitas,
1151 432 1172 457 si
1203 431 1323 457 caeteris
1355 438 1484 465 quoquae
1519 429 1670 455 virtutibus
1705 429 1835 463 cingitur,
1869 432 1936 455 tunc
1967 432 2033 455 aute
2052 434 2065 453 5

394 491 487 515 oculos
504 488 558 514 Dei
579 496 647 513 vera
672 490 724 519 est,
749 495 810 512 cum
834 485 870 511 ad
893 486 1081 519 respuendum
1106 485 1167 515 hoc,
1193 484 1267 518 quod
1291 484 1400 510 utiliter
1423 483 1517 509 subire
1541 482 1722 517 praecipitur,
1747 483 1876 516 pertinax
1899 490 1954 508 non
1980 485 2032 508 est.

394 541 495 575 Neque
531 541 603 566 enim
632 548 698 566 vere
734 542 777 565 est
807 538 916 564 humilis
950 538 997 572 qui
1025 538 1138 572 superni
1162 541 1246 563 nutus
1270 537 1424 568 arbitrium,
1458 539 1489 561 ut
1521 536 1626 562 debeat
1656 544 1799 569 praeesse,
1832 535 1974 569 intellegit
2005 538 2035 561 et

395 598 488 620 tamen
514 593 698 627 contempnit.
746 592 855 618 Divinis
880 591 1108 626 dispositionibus
1131 591 1260 616 subditus
1285 593 1371 623 atque
1396 599 1412 615 a
1435 589 1502 615 vitio
1526 589 1720 615 obstinationis
1744 589 1862 620 alienus,
1893 597 1955 614 cum
1983 588 2035 614 sibi

394 647 535 681 regiminis
563 647 672 672 culmen
698 646 858 680 imponitur,
883 645 904 670 si
929 645 982 670 iam
1003 644 1081 670 donis
1098 647 1268 678 praeventus
1287 646 1340 675 est,
1365 643 1466 677 quibus
1483 645 1513 668 ct
1529 642 1589 677 aliis
1605 642 1702 676 prosit,
1729 646 1756 667 et
1782 650 1814 667 ex
1839 641 1922 667 corde
1948 641 2036 667 debet

395 701 494 734 fugere
520 703 547 726 et
574 699 676 725 invitus
700 699 844 725 oboedire.
2057 699 2080 718 ιο

502 756 626 787 XVIII.
663 755 830 786 Isidori
862 755 911 785 de
942 754 1222 796 praepositis
1254 753 1491 784 eeclesiae.
1530 754 1602 783 Vir-2²
1627 756 1834 782 ecclesiasticus
1859 759 1888 782 et
1913 755 2036 789 crucifigi

395 816 498 841 mundo
521 824 573 849 per
601 813 843 839 mortificationem
866 813 995 846 propriae
1021 812 1110 837 earnis
1135 811 1222 837 debet
1247 815 1275 837 ct
1299 811 1535 845 dispensationem
1555 810 1737 836 ecelesiastici
1753 809 1867 841 ordinis,
1892 809 1914 834 si
1932 818 1965 835 ex
1981 809 2036 834 Dei

396 869 541 894 voluntate
568 867 740 901 provenerit,
766 866 864 892 nolens
889 866 1011 899 quidem,
1036 865 1086 890 sed
1110 865 1219 890 humilis
1243 863 1454 898 gubernandam
1473 863 1616 897 suscipiat.
1653 863 1749 888 Multis
1766 862 1908 896 intercipit
1925 866 2036 888 satanas

396 922 541 947 fraudibus
567 929 624 952 cos,
651 920 697 954 qui
723 920 796 945 vitae
823 923 852 945 ct
876 927 974 944 sensus
998 918 1122 943 utilitate
1146 920 1325 951 praestantes
1349 925 1481 950 praeesse
1507 919 1536 942 et
1560 916 1693 950 prodesse
1715 915 1774 941 aliis
1791 915 1890 941 nolunt
1908 918 1946 947 et,
1972 916 2036 941 dum

397 975 436 1000 eis
453 974 580 1009 regimen
602 974 753 999 animarum
778 972 928 1005 inponitur,
952 974 1103 1003 rennuunt,
1129 970 1282 996 consultius
1307 970 1475 995 arbitrantes
1499 969 1615 995 otiosam
1631 969 1716 994 vitam
1734 969 1838 1003 degere
1857 977 1938 1002 quam
1954 968 2037 994 lucris
2057 975 2081 994 ιε.

397 1028 546 1053 animarum
572 1026 713 1052 insistere.
751 1024 831 1055 Quod
857 1027 951 1050 tamen
977 1024 1091 1057 decepti
1115 1026 1202 1057 agunt
1227 1032 1278 1057 per
1301 1025 1496 1057 argumentum
1521 1022 1624 1048 diaboli
1643 1022 1767 1048 fallentis
1785 1030 1832 1047 eos
1848 1030 1900 1055 per
1915 1021 2037 1055 speciem

397 1081 470 1109 boni,
505 1084 545 1109 ut,
581 1080 644 1104 duni
679 1079 738 1104 illos
764 1088 779 1104 a
802 1077 935 1111 pastorali
966 1076 1058 1103 officio
1088 1076 1216 1108 retrahit,
1249 1084 1428 1109 nequaquam
1459 1074 1607 1109 proficiant
1636 1075 1683 1109 qui
1708 1083 1800 1101 eorum
1831 1075 1924 1100 verbis
1952 1078 2036 1108 atque

398 1133 530 1167 exemplis
556 1132 653 1157 instrui
680 1134 819 1165 poterant.
868 1130 964 1156 Sancti
987 1130 1038 1155 viri
1061 1138 1241 1163 nequaquam
1264 1129 1478 1162 occupationum
1503 1128 1685 1154 saecularium
1709 1136 1788 1153 curas
1813 1131 1962 1162 appetunt,
1987 1128 2037 1153 sed

396 1186 506 1212 occulto
537 1186 633 1211 ordine
666 1185 718 1210 sibi
742 1184 962 1218 superinpositas
987 1186 1103 1217 gemunt
1128 1186 1166 1215 et,
1200 1183 1325 1217 quamvis
1357 1182 1418 1207 illas
1449 1190 1500 1215 per
1530 1181 1672 1207 meliorem
1703 1181 1886 1207 intentionem
1917 1181 2037 1215 fugiant,

397 1244 489 1265 tamen
513 1248 564 1273 per
588 1239 729 1264 subditam
753 1241 876 1263 mentem
900 1240 1022 1271 portant,
1071 1238 1147 1266 Quas
1172 1236 1285 1270 quidem
1309 1243 1494 1269 summopere,
1519 1235 1540 1260 si
1565 1235 1658 1266 liceat,
1690 1234 1779 1260 vitare
1810 1234 1956 1266 festinant,
1988 1235 2038 1260 sed
2057 1240 2083 1258 20

397 1293 530 1319 timentes
555 1294 692 1317 occultam
717 1291 954 1324 dispensationem
978 1290 1034 1315 Dei
1059 1289 1215 1323 suscipiunt
1239 1289 1313 1322 quod
1337 1288 1460 1321 fugiunt,
1493 1291 1627 1314 exercent
1657 1288 1733 1321 quod
1756 1288 1844 1313 vitare
1876 1290 2038 1313 noscuntur.

397 1346 505 1371 Intrant
532 1345 604 1370 enim
629 1345 664 1370 ad
689 1353 735 1370 cor
760 1348 788 1370 et
814 1344 850 1369 ibi
877 1345 1036 1375 consulunt,
1063 1343 1130 1376 quid
1153 1342 1223 1368 velit
1247 1343 1357 1367 occulta
1381 1341 1509 1366 voluntas
1534 1341 1599 1372 Dei,
1629 1349 1750 1374 seseque
1782 1341 1907 1366 subditos
1932 1340 2038 1366 debere

398 1408 460 1424 esse
485 1398 596 1424 summis
621 1397 841 1423 ordinationibus
867 1400 1069 1430 cognoscentes
1092 1395 1237 1420 humiliant
1263 1394 1400 1421 cervicem
1426 1394 1515 1420 cordis
1539 1394 1603 1428 iugo
1629 1394 1738 1420 divinae
1763 1394 1990 1428 dispensationis.

504 1454 647 1485 XVIIII.
683 1454 915 1495 Prosperi,
948 1452 1060 1494 quod
1085 1451 1349 1482 sacerdotes
1374 1451 1521 1481 saneti
1546 1451 1901 1492 contemplativae
1926 1451 2038 1481 vitae

398 1509 503 1539 fieri
536 1508 790 1549 participes
816 1512 1011 1548 possunt.
1060 1508 1136 1540 Qui3
1160 1510 1312 1544 diligenter
1336 1510 1371 1535 de
1395 1509 1454 1535 vita
1482 1509 1701 1543 contemplativa
1724 1509 1882 1535 considerat
1908 1512 1936 1535 et
1960 1507 2038 1534 suffi-
2058 1513 2084 1532 ²5

398 1567 505 1592 cienter
536 1566 690 1591 instructus
726 1565 879 1598 intellegit,
916 1565 1027 1598 quando
1059 1567 1088 1589 et
1119 1564 1167 1589 ubi
1198 1563 1286 1597 possit
1318 1563 1377 1588 eius
1407 1562 1546 1596 perfectio
1577 1562 1777 1596 conprehendi,
1813 1571 1868 1588 non
1899 1562 2041 1588 dubitabit

400 1619 580 1646 ecelesiarum
606 1619 746 1652 principes
771 1618 846 1643 vitae
872 1617 1107 1651 contemplativae
1132 1625 1215 1650 posse
1242 1620 1270 1642 et
1295 1616 1401 1641 debere
1425 1615 1485 1641 fieri
1510 1619 1673 1641 sectatores
1710 1614 1782 1645 Quia
1805 1616 1862 1641 sive
1887 1616 2040 1641 seeundum

398 1673 556 1706 opinionem
590 1672 762 1705 quorundam
799 1671 867 1696 nihil
903 1671 977 1696 aliud
1009 1671 1044 1696 sit
1074 1671 1132 1696 vita
1163 1669 1380 1704 contemplativa
1412 1678 1493 1703 quam
1524 1678 1615 1695 rerum
1644 1668 1793 1695 latentium
1827 1668 2039 1702 futurorumque

398 1726 498 1751 notitia
528 1726 586 1750 sive
611 1725 720 1750 vacatio
753 1725 787 1750 ab
819 1724 945 1750 omnibus
977 1723 1207 1758 occupationibus
1241 1723 1335 1748 muudi
1366 1722 1424 1748 sive
1456 1722 1609 1747 divinarum
1640 1722 1761 1747 studium
1791 1722 1946 1747 litterarum
1970 1721 2040 1753 sive,

400 1779 473 1812 quod
499 1778 539 1804 his
564 1778 699 1811 probatur
724 1786 785 1803 csse.
816 1777 980 1811 perfectiuS,
1011 1777 1073 1811 ipsa
1100 1777 1169 1802 visio
1193 1776 1257 1805 Dei,
1290 1784 1344 1801 non
1375 1775 1468 1807 video,
1500 1776 1567 1809 quid
1598 1775 1782 1809 inpedimenti
1813 1774 1916 1800 sanctis
1947 1782 2039 1800 sacer·
2059 1779 2084 1797 30

399 1832 510 1857 dotibus
535 1831 622 1865 possit
649 1830 753 1859 afferri,
786 1831 931 1864 quominus
961 1830 995 1855 ad
1020 1830 1090 1856 haee
1115 1833 1257 1864 quattuor.
1291 1837 1362 1863 quac
1394 1828 1613 1860 connnemoravi,
1644 1828 1821 1862 perveniant.
1868 1828 1932 1854 Duo
1957 1827 2039 1860 enim,

398 1885 516 1918 primum
542 1888 569 1910 et
596 1884 732 1911 ultimum,
758 1884 785 1909 id
812 1887 852 1909 est
876 1892 968 1909 rerum
992 1883 1141 1910 latentium
1164 1883 1377 1915 futurarumque
1402 1882 1502 1907 notitia
1527 1884 1556 1906 et
1579 1881 1639 1915 ipsa
1662 1881 1729 1907 visio
1747 1881 1811 1911 Dei,
1836 1880 2040 1915 incomparabi-

399 1938 464 1963 liter
487 1937 696 1972 praestantiora
729 1941 809 1962 erunt
844 1937 871 1961 in
903 1937 949 1962 illa
979 1937 1037 1962 vita
1060 1937 1146 1962 beata
1170 1945 1251 1969 quam
1282 1936 1308 1961 in
1341 1936 1394 1961 ista
1425 1934 1540 1961 diversis
1573 1934 1711 1960 erroribus
1741 1934 1882 1967 inplicata,
1915 1934 2040 1967 quando-

400 1991 513 2024 quidem
538 1994 594 2016 tam
619 1999 712 2016 reruni
738 1990 857 2015 onmium
882 1990 982 2015 notitia
1006 1999 1089 2023 quam
1114 1989 1173 2023 ipsa
1198 1989 1252 2015 Dei
1277 1988 1434 2014 substantia
1458 1987 1542 2021 plene
1567 1996 1598 2013 ac
1622 1986 1751 2021 perfecte
1779 1987 1931 2012 videbitur.
1978 1987 2041 2012 Duo

399 2048 493 2069 autem
518 2044 619 2070 media.
646 2043 820 2068 vacationem
847 2042 980 2069 videlic-et
1005 2043 1039 2068 ab
1064 2042 1190 2068 omnibus
1215 2041 1442 2075 occupationibus
1466 2041 1561 2066 mundi
1587 2044 1615 2066 et
1639 2040 1792 2066 divinarum
1816 2040 1938 2065 studium
1962 2039 2040 2065 litte.-
2061 2043 2086 2062 ³⁶

399 2106 501 2128 rarum,
529 2097 612 2122 ctiam
638 2096 680 2121 liic
705 2100 822 2130 possunt
846 2096 951 2121 habere
977 2095 1136 2129 pontifices.
1185 2094 1241 2120 Sed
1268 2094 1316 2123 illi,
1349 2094 1395 2128 qui
1427 2103 1456 2120 se
1488 2094 1523 2119 ab
1553 2094 1680 2119 omnibus
1710 2093 1924 2127 implicamentis
1954 2101 2040 2126 nego-

400 2150 500 2175 tiorum
525 2149 709 2175 saecularium
735 2153 912 2174 removentes
936 2157 991 2174 non
1016 2152 1130 2182 torpent
1161 2148 1227 2181 otio,
1259 2148 1310 2173 sed
1335 2147 1466 2172 insistunt
1492 2146 1675 2180 perfectionis
1705 2154 1772 2172 suae
1803 2146 1916 2179 negotio
1942 2149 1980 2179 et,
2006 2146 2041 2171 ab

400 2203 519 2228 stultitia
550 2202 708 2236 sapientiae
741 2202 892 2227 saecularis
924 2202 1023 2231 aversi,
1056 2202 1142 2227 verbo
1166 2201 1220 2226 Dei
1245 2200 1459 2234 infatigabiliter
1485 2203 1594 2231 vacant,
1626 2199 1769 2233 sapientes
1793 2199 1932 2224 veraciter
1960 2198 2040 2231 fiunt,

506 2323 594 2346 XVII.
625 2324 639 2346 2
660 2320 691 2353 is]
716 2323 755 2346 his
776 2323 807 2346 B.
864 2320 1028 2354 profuturus]
1049 2322 1183 2354 profuturi
1204 2330 1232 2345 os
1253 2321 1284 2345 B.
1341 2323 1355 2345 5
1377 2318 1510 2352 quoquae]
1531 2320 1567 2344 ita
1587 2320 1618 2343 ll'.
1634 2319 1665 2348 B,
1686 2327 1793 2350 quoque
1814 2319 1844 2343 L·
1864 2319 1900 2343 JI.
1956 2320 1971 2343 6
1992 2320 2042 2343 uti-

401 2365 469 2396 liter]
490 2367 611 2390 liutiliter
631 2367 662 2390 11.
720 2368 734 2389 ὅ
756 2367 902 2390 coutemnit
922 2367 958 2390 ill.
1016 2368 1029 2389 9
1050 2364 1208 2397 imponitur]
1228 2366 1374 2397 imperator
1393 2365 1424 2389 B.
1490 2365 1520 2388 10
1539 2364 1627 2395 fugire
1648 2364 1678 2387 B.
1738 2361 1847 2394 invitus]
1867 2364 1991 2388 inventus
2010 2363 2041 2387 L.
2060 2364 2087 2382 40

507 2420 609 2443 XVIII.
642 2421 671 2443 13
693 2420 819 2443 sathanas
840 2419 871 2443 B.
960 2421 989 2443 15
1011 2422 1127 2443 renuunt
1145 2419 1169 2442 R
1188 2417 1211 2448 (e
1229 2416 1311 2442 corn).
1331 2418 1362 2442 B.
1453 2419 1482 2442 17
1504 2418 1598 2441 retrait
1618 2417 1649 2440 B.
1743 2418 1774 2441 19
1794 2418 1991 2448 superinposita
2011 2416 2041 2440 L.

401 2465 431 2487 ⁴21
455 2464 599 2487 exliercent
620 2464 650 2487 B.

507 2517 627 2539 XVIIII.
659 2518 691 2539 30
712 2513 785 2546 quid]
808 2517 877 2547 quod
900 2516 928 2539 L.
1000 2516 1184 2547 inpedimento
1205 2516 1236 2539 B.
1312 2516 1341 2539 31
1364 2518 1456 2546 posset
1476 2514 1507 2538 B.
1582 2515 1614 2538 32
1635 2515 1838 2545 futurorumque
1857 2522 1920 2539 corr.
1940 2513 2041 2538 futura-

401 2568 513 2591 rumque
534 2560 569 2584 M.
643 2562 675 2583 34
696 2561 824 2583 noticiam
845 2560 877 2584 B.

511 2677 538 2707 l)
567 2676 615 2703 Ex
640 2676 779 2712 Grt‘flnrz'o
806 2676 857 2709 M,
889 2676 999 2712 Ite-qula
1017 2680 1128 2711 pastor.
1155 2676 1174 2702 Ι
1193 2685 1214 2702 c.
1241 2678 1275 2709 6;
1312 2676 1384 2711 opp.
1410 2675 1448 2709 II,
1474 2676 1501 2703 7.
1619 2674 1648 2708 2)
1680 2675 1815 2708 Isidorus,
1848 2674 1970 2702 Sentent.
1996 2674 2048 2701 III
2060 2681 2086 2700 45

402 2739 423 2755 c.
443 2731 496 2761 ‚33;
522 2731 594 2765 (Jpp.
621 2729 665 2761 Vl,
691 2730 747 2756 321
761 2738 801 2764 sq.
881 2728 910 2761 3)
936 2728 1063 2756 Iulianus
1088 2728 1240 2761 Pomerizts,
1267 2727 1312 2755 Dc
1336 2728 1390 2755 vila
1416 2727 1628 2764 contemplativa
1652 2727 1671 2754 I
1690 2729 1784 2761 c.13,·
1810 2726 1881 2764 opp.
1907 2727 2044 2764 I'rosperi

402 2782 524 2817 append.
551 2783 598 2809 12.

2238 2276 2242 2288 -
2235 2163 2242 2246 ..-Α
