2242 3085
437 129 497 158 160
835 130 883 156 19.
921 130 1135 157 CONCILIUM
1162 130 1524 158 FRANCOFURTENSE
1549 131 1584 157 A.
1606 130 1679 157 794.

436 224 694 255 consideratione
719 224 837 254 veritas
863 223 1040 254 catholicae
1064 223 1160 254 fidaei
1184 224 1433 264 investigaretur
1450 230 1481 253 et
1497 222 1730 264 probatissimis
1747 229 1929 254 sanctorum
1947 229 2072 265 patrum

434 277 585 307 hincinde
625 276 774 307 roborata
809 277 997 306 testimoniis
1029 275 1150 318 absque
1186 276 1250 306 ulla
1288 275 1488 306 dubitatione
1526 282 1682 306 teneatur.
1736 275 1862 307 Idcirco
1893 275 1985 307 vobis
2016 287 2073 318 per

435 329 576 370 singulos
594 329 718 360 libellos
736 329 875 370 dirigere
893 329 1086 368 curavimus,
1112 329 1188 370 qnid
1206 329 1443 370 praedictorum
1465 329 1658 359 unanimitas
1675 329 1729 370 pia
1745 334 1871 370 patrum
1889 335 1921 359 et
1937 329 2073 370 pacifica

434 383 644 424 perscrutatio
670 383 859 412 auctoritate
885 382 1106 413 ecclesiastica
1130 382 1298 420 inveniret,
1324 382 1496 421 statuisset,
1522 382 1733 412 confirmaret.

538 436 656 471 Primo7
683 435 759 476 quid
785 435 919 465 domnus
945 435 1138 476 apostolicus
1164 446 1234 464 cum
1261 440 1373 465 sancta
1389 434 1534 465 Romana
1559 434 1696 465 ccclesia
1722 440 1753 465 ct
1769 435 1928 476 episcopis
1954 435 1986 465 in
2010 435 2070 466 illis
2089 447 2102 465 5

432 488 578 530 partibus
614 499 873 529 ‹piaquaversum
913 487 1184 518 connnorantibus
1216 493 1247 517 ct
1285 487 1450 518 catholicis
1486 486 1670 518 doctoribus
1707 488 1852 526 sentiret,
1888 487 1947 518 sub
1978 488 2071 519 unius

432 541 529 571 libelli
556 548 664 571 tenore
690 542 889 571 statuimus-¹.

538 594 666 625 Deinde
693 593 834 624 secundo
859 593 938 627 loco,
965 593 1041 635 quid
1067 593 1279 625 ecclesiastici
1303 593 1451 624 doctores
1476 599 1507 623 et
1524 593 1708 624 sacerdotes
1726 593 1935 624 ecclesiarum
1953 592 2071 624 Christi

432 647 470 678 de
497 646 779 689 propinquioribus
813 646 923 677 ltalia«-
954 646 1100 688 partibus
1131 657 1203 676 cum
1228 646 1324 676 Petro
1348 646 1581 686 Mediolanensi
1613 646 1856 688 archiepiscopo
1882 652 1913 677 et
1935 646 2071 677 Paulino

433 700 687 731 Foroiulianensi
722 700 773 730 vel
809 700 1053 740 Aquileianensi
1090 698 1283 740 patriarcha,
1321 699 1397 729 viris
1433 699 1526 730 valde
1557 699 1807 738 venerabilibus,
1843 699 1984 740 intellegi
2020 699 2072 730 vel
2092 711 2116 729 10

431 754 564 784 firniitcr
588 753 763 784 voluissent
788 752 886 785 credi,
913 753 977 782 suis
1001 753 1140 793 propriis
1165 751 1427 793 responsionibus
1453 758 1619 783 exaratum
1636 753 1802 794 posuimus
1819 751 1970 791 libellum,
1996 753 2071 794 quia

431 807 490 848 ipsi
518 818 644 848 quoque
670 814 855 848 praesentes
881 811 987 835 nostro
1014 805 1160 846 synodali
1186 806 1359 835 conventui
1383 805 1556 835 adfuerunt
1566 809 1586 836 '-'.

539 860 614 890 l'ost
644 859 723 890 haec
755 859 866 889 tertius
897 864 985 888 tenet
1015 858 1140 888 libellus
1172 858 1385 888 orthodoxam
1416 863 1599 888 sanctorum
1630 864 1757 899 patrum
1788 859 2010 900 episcoporum
2040 864 2071 889 et

430 914 571 943 virorum
607 912 839 943 venerabilium
875 911 982 949 iidem,
1019 912 1073 952 qui
1110 912 1141 941 in
1167 910 1373 949 Germaniae,
1407 911 1542 949 Galliae,
1574 910 1767 952 Equitaniae
1803 916 1835 942 et
1868 911 2069 942 Brittanniae

429 966 573 1007 partibus
591 966 696 1007 dignis
714 965 785 995 Deo
812 965 998 994 dsscrviunt
1022 964 1146 1001 officiis,
1171 965 1350 1005 vestrisque
1376 963 1610 994 obiectionibus
1635 970 1818 994 sanctarum
1838 965 2069 1006 scripturarum
2089 975 2114 993 ιο

430 1019 620 1049 testimoniis
644 1018 810 1048 roboratas
836 1017 958 1047 obtinet
981 1018 1207 1058 responsiones
1219 1020 1238 1048 ³³.

535 1072 621 1102 Dcin
646 1078 759 1112 quarto
785 1070 853 1101 loco
878 1081 969 1101 meae
994 1071 1144 1111 propriae
1168 1071 1388 1100 unanimitatis
1420 1081 1491 1100 cum
1524 1070 1571 1100 his
1597 1071 1806 1100 sanctissimis
1830 1069 2068 1111 praedictorum

431 1132 556 1166 patrum
581 1124 718 1154 decretis
744 1129 774 1153 et
799 1123 965 1154 catholicis
990 1124 1116 1153 statutis
1146 1134 1337 1153 consensum
1368 1122 1538 1161 subnexui,
1570 1124 1651 1153 sicut
1681 1123 1868 1164 vosmetipsi
1899 1123 1931 1152 in
1962 1129 2070 1153 vestra

429 1178 574 1219 epistola,
595 1188 690 1218 quam
711 1188 782 1207 meo
803 1176 986 1217 specialiter
1005 1176 1199 1217 adsignastis
1219 1177 1350 1215 nomini,
1375 1187 1489 1217 rogare
1513 1178 1648 1206 curastis
1659 1179 1680 1214 4,
1706 1176 1740 1206 id
1757 1182 1805 1206 est
1830 1188 1870 1207 ne
1892 1187 2068 1217 paucorum

431 1230 572 1261 subdolis
598 1229 828 1260 assertionibus
854 1230 1078 1263 consentirem,
1104 1229 1161 1259 sed
1185 1229 1393 1270 plurimorum
1418 1229 1608 1260 testimoniis
1625 1229 1808 1260 roboratam
1824 1229 1920 1260 fidem
1937 1229 2070 1259 firmiter
2088 1239 2114 1257 20

429 1292 581 1314 tenerem.
640 1283 739 1313 Facio
776 1283 964 1321 certissime,
1000 1282 1072 1312 Deo
1109 1282 1237 1312 domino
1273 1288 1381 1312 nostro
1417 1282 1491 1312 Iesu
1527 1281 1653 1312 Christo
1690 1282 1828 1313 donante
1868 1282 1979 1313 horum
2018 1293 2069 1312 me

431 1337 653 1367 sanctissimae
677 1335 873 1367 multitudini
898 1342 937 1365 et·
952 1334 1199 1376 probatissimae
1225 1336 1406 1366 auctoritati
1431 1336 1463 1365 in
1488 1346 1584 1366 verae
1609 1335 1706 1366 fidaei
1722 1335 1921 1377 professione
1937 1335 2070 1366 firmiter

430 1391 604 1428 associans,
629 1401 689 1420 nec
714 1394 840 1419 vestrae
865 1400 915 1419 me
941 1389 1097 1429 paucitati
1121 1389 1152 1418 in
1178 1389 1379 1419 confessione
1411 1389 1505 1419 huius
1531 1400 1635 1419 novae
1661 1389 1845 1419 assertionis
1870 1389 1991 1419 socium
2015 1388 2070 1418 ad-

429 1444 531 1476 mitto,
557 1442 612 1473 sed
637 1442 832 1483 apostolicae
857 1441 925 1472 sedi
951 1448 982 1471 et
1006 1442 1145 1482 antiquis
1170 1440 1210 1471 ab
1236 1442 1325 1472 initio
1342 1442 1505 1472 nascentis
1522 1441 1680 1472 ecclesiae
1698 1447 1729 1472 et
1746 1441 1911 1472 catholicis
1928 1441 2070 1472 traditio-

426 1495 521 1526 nibus
546 1502 611 1526 tota
635 1506 685 1525 me
709 1496 824 1525 mentis
850 1495 1035 1533 intentione,
1067 1500 1133 1525 tota
1157 1494 1263 1524 cordis
1288 1494 1452 1525 alacritate
1483 1495 1652 1536 coniunge.
1701 1494 1865 1536 Quicquid
1888 1495 1921 1525 in
1944 1494 2070 1525 illorum
2088 1505 2114 1523 25

427 1549 545 1590 legitur
567 1548 666 1587 libris,
698 1549 753 1589 qui
778 1548 886 1578 divino
911 1547 1011 1578 afflati
1037 1547 1158 1588 Spiritu
1182 1548 1239 1578 toti
1263 1547 1334 1578 orbi
1358 1559 1376 1578 a
1400 1548 1472 1578 Deo
1499 1547 1626 1578 Christo
1651 1547 1718 1578 dati
1741 1554 1815 1578 sunt
1839 1547 1995 1586 doctores,
2024 1548 2069 1578 in-

427 1601 613 1632 dubitanter
636 1608 741 1639 teneo,
773 1601 833 1631 hoc
858 1600 899 1631 ad
924 1600 1058 1631 salutem
1083 1601 1208 1630 animae
1238 1611 1329 1631 meae
1362 1600 1509 1631 sufficere
1542 1600 1686 1639 credens,
1719 1601 1806 1642 quod
1834 1601 2070 1631 sacratissimae

429 1655 638 1696 evangelicae
655 1655 799 1684 veritatis
816 1653 930 1695 pandit
945 1653 1088 1691 historia,
1113 1653 1198 1694 quod
1215 1653 1392 1695 apostoliea
1408 1655 1441 1684 in
1458 1654 1523 1684 suis
1540 1653 1684 1695 epistolis
1701 1654 1870 1684 confirmat
1885 1654 2069 1693 auctoritas,

429 1708 515 1749 quod
541 1709 650 1738 eximii
676 1719 787 1738 sacrae
818 1706 997 1738 scribturae
1021 1712 1209 1737 tractatores
1234 1702 1265 1737 et
1295 1707 1463 1748 praecipui
1488 1706 1690 1737 Christianae
1720 1707 1817 1737 fidaei
1848 1707 1996 1737 doctores
2027 1706 2068 1737 ad

431 1768 619 1802 perpetuam
649 1761 786 1802 posteris
817 1761 971 1801 scriptum
1002 1759 1200 1801 reliquerunt
1223 1760 1420 1790 memoriam.
1468 1759 1549 1790 Cum
1581 1760 1629 1790 his
1661 1771 1788 1801 quoque
1822 1759 2006 1790 doctoribus
2037 1765 2068 1790 et
2087 1770 2112 1788 ³0

427 1821 557 1844 sanctae
593 1814 750 1845 ecclesiae
787 1812 968 1854 pastoribus
1003 1823 1114 1843 veram
1145 1812 1297 1854 praedico
1328 1812 1435 1852 fidem,
1471 1824 1550 1854 quos
1582 1813 1613 1843 in
1646 1813 1806 1854 praesenti
1836 1818 1980 1854 tempore
2015 1812 2066 1843 ille

252 1878 408 1902 Manassae.
426 1867 519 1898 nobis
545 1867 633 1897 dedit
657 1867 838 1905 luminaria,
863 1867 917 1907 qui
941 1865 1038 1896 dixit:
1064 1866 1145 1896 Ere&
1169 1878 1221 1907 egle
1249 1867 1400 1896 vohs-sozom
1425 1878 1492 1897 sum
1517 1867 1658 1897 omnihus
1682 1867 1790 1897 diebus
1816 1878 1909 1907 nsque
1932 1866 1976 1897 ad
1999 1878 2067 1897 eon-

424 1922 658 1951 sunmzatc'oozmn
681 1921 809 1951 saeculi.

534 1974 577 2004 Hi
603 1978 675 2003 sunt
700 1978 955 2014 propugnatores
978 1972 1076 2002 fidaei
1100 1978 1238 2011 nostrae,
1263 1972 1295 2002 hi
1320 1977 1392 2002 sunt
1416 1978 1557 2002 rectores
1582 1983 1639 2013 per
1657 1971 1801 2002 diversas
1818 1971 1911 2002 sedes
1929 1972 2067 2002 civitatis

429 2026 558 2058 Christi.
584 2025 684 2057 Cuius
702 2025 900 2057 antemurale
918 2030 966 2055 est
981 2024 1062 2055 fides
1080 2024 1239 2055 catholica
1256 2030 1286 2055 et
1302 2025 1419 2055 caritas
1435 2024 1636 2055 firmissimus
1653 2036 1761 2055 murus
1779 2030 1810 2055 et
1826 2024 2068 2066 propugnacula
2086 2034 2112 2053 ³⁵

431 2080 613 2110 divinarum
637 2080 820 2110 testimonia
844 2078 1090 2117 scribturarum3
1124 2083 1155 2108 et
1179 2077 1312 2108 divitiae
1336 2077 1447 2108 salutis
1471 2078 1503 2108 in
1528 2089 1566 2108 ea
1590 2083 1663 2108 sunt
1695 2078 1854 2119 sapientia
1878 2082 1909 2108 et
1933 2078 2068 2108 scientia

428 2139 458 2163 et
483 2144 556 2174 spes
580 2138 745 2174 portarum
769 2131 924 2170 custodia,
950 2142 1033 2172 quae
1055 2136 1204 2172 quattuor
1220 2130 1375 2169 clavibus,
1400 2130 1434 2161 id
1457 2136 1505 2161 est
1520 2130 1701 2172 prudentia,
1726 2131 1856 2170 iustitia,
1880 2130 2066 2161 fortitudine

430 2191 461 2216 et
484 2186 708 2227 temperantia,
733 2186 794 2227 piis
819 2185 1007 2226 aperiuntur
1030 2184 1154 2214 animis.
1194 2184 1299 2214 Huius
1323 2195 1400 2214 vero
1426 2184 1564 2214 civitatis
1588 2184 1657 2225 ipse
1673 2183 1738 2214 Dei
1755 2195 1850 2214 verus
1871 2188 1902 2214 et
1918 2184 2066 2225 proprius

426 2238 520 2277 filius,
542 2238 633 2269 Deus
650 2250 756 2275 verus,
781 2238 875 2269 homo
892 2248 998 2276 verus,
1023 2236 1113 2267 Iesus
1131 2236 1287 2276 Christus,
1313 2236 1460 2267 dominus
1476 2242 1593 2276 noster,
1618 2236 1719 2278 regali
1734 2236 1898 2278 praesidet
1912 2237 2066 2278 potentia,

430 2292 519 2322 cuius·
545 2292 649 2332 gratia
679 2297 778 2322 totam
811 2290 894 2321 illius
926 2290 1065 2320 civitatis
1097 2294 1290 2320 structuram
1320 2290 1412 2330 regit,
1445 2289 1590 2320 defendit
1613 2295 1645 2320 et
1668 2289 1799 2322 exaltat.
1847 2289 2001 2331 Quisquis
2025 2289 2067 2320 ad
2084 2299 2110 2318 40

532 2392 547 2414 2
568 2388 704 2420 hincinde]
726 2391 787 2414 hinc
807 2392 835 2414 in
854 2390 897 2414 die
918 2390 948 2413 R.
1041 2390 1055 2412 3
1074 2390 1258 2420 praeditorum
1277 2389 1308 2412 R.
1402 2390 1564 2413 unanimitas
1584 2390 1627 2421 pia
1647 2386 1760 2420 patrum]
1782 2392 1888 2420 patrum
1908 2389 1953 2420 pia
1971 2389 2064 2413 unani-

426 2436 504 2459 mitas
525 2435 556 2458 lf.
639 2436 653 2457 5
674 2436 701 2458 in
720 2432 785 2465 illis]
806 2434 860 2458 illis
879 2435 907 2458 in
926 2434 958 2458 li.
1039 2434 1054 2457 6
1074 2441 1287 2465 quaqueversum
1308 2433 1342 2456 M.
1422 2434 1437 2457 9
1459 2433 1685 2465 propinquoribus
1705 2433 1736 2457 R.
1818 2434 1849 2457 10
1868 2430 1943 2464 viris]
1962 2433 1990 2457 in
2009 2433 2064 2457 Do-

427 2480 499 2504 mino
519 2479 578 2503 add.
600 2479 629 2503 R.
695 2480 723 2502 11
746 2478 896 2503 voluissent
915 2475 998 2508 credi]
1021 2477 1094 2501 credi
1112 2476 1263 2501 voluissent
1283 2477 1313 2501 R.
1376 2478 1407 2501 13
1427 2474 1503 2508 haec]
1522 2477 1592 2501 hane
1611 2476 1642 2501 R.
1698 2476 1806 2501 libellos
1825 2477 1856 2501 R.
1914 2478 1945 2501 14
1965 2477 2064 2508 Aequi-

427 2524 518 2548 taniae
538 2523 569 2547 Is.
646 2524 676 2547 16
696 2523 842 2547 testimonii
863 2522 899 2547 Μ.
974 2523 1004 2545 19
1025 2519 1095 2551 meo]
1117 2522 1145 2545 in
1165 2529 1197 2546 eo
1218 2521 1250 2546 R.
1323 2522 1432 2546 nomine
1451 2521 1488 2545 111.
1561 2522 1591 2545 21
1613 2518 1716 2552 nostro]
1736 2529 1796 2545 meo
1816 2521 1847 2545 R.
1915 2522 1948 2545 22
1967 2521 2064 2552 proba-

429 2568 549 2592 tissimae
569 2564 736 2597 auctoritati]
756 2567 944 2598 probatissime
965 2566 1101 2590 octoritati
1121 2565 1151 2589 R.
1244 2566 1277 2589 23
1304 2562 1485 2596 confessione]
1510 2566 1688 2589 consensione
1707 2565 1738 2589 R.
1830 2566 1861 2589 25
1888 2573 1930 2589 me
1949 2565 2014 2589 deest
2033 2565 2064 2589 R.
2083 2567 2109 2586 4⁵

429 2609 576 2643 coniungo]
601 2619 744 2643 cong-ungo
766 2611 795 2634 li'.
870 2612 902 2634 26
923 2611 1007 2634 afflati
1027 2606 1136 2640 Spiritu]
1156 2610 1255 2640 Spiritu
1276 2609 1351 2633 affati
1370 2609 1402 2634 B.
1475 2612 1533 2633 toto
1553 2609 1589 2638 M,
1616 2613 1674 2633 tota
1693 2609 1724 2633 R.
1799 2610 1830 2633 34
1850 2606 1897 2640 Hi]
1918 2610 1965 2633 Hii
1984 2609 2008 2633 R
2026 2609 2066 2633 hic

425 2661 448 2680 et
465 2656 545 2687 infra.
611 2656 734 2679 civitates
755 2655 785 2679 R.
854 2656 887 2678 36
908 2655 1059 2678 divinarum
1079 2654 1235 2677 testimonia
1254 2651 1456 2684 scribturarum]
1476 2654 1668 2684 scripturarum
1689 2654 1839 2678 divinarum
1859 2654 2014 2678 testimonia
2032 2653 2064 2678 R.

425 2701 458 2725 37
477 2698 592 2730 iustitia]
613 2700 708 2724 iusttia
728 2700 759 2723 12¹.
833 2700 865 2723 38
885 2699 1009 2730 aperiunt
1029 2698 1059 2721 Η.
1132 2698 1165 2721 39
1185 2697 1321 2728 praesedit
1340 2697 1372 2722 R.
1454 2698 1488 2722 40
1506 2695 1590 2728 cuius]
1611 2701 1637 2721 et
1657 2698 1734 2722 cuius
1754 2697 1789 2721 M.
1809 2697 1841 2722 R.

534 2789 563 2823 1)
585 2790 682 2827 Supra
700 2800 732 2826 p.
752 2789 929 2818 122—130.
993 2788 1022 2821 2)
1044 2787 1141 2824 Supra
1158 2797 1193 2823 p.
1210 2788 1385 2817 130-142.
1451 2787 1480 2821 3)
1503 2787 1599 2824 Supra
1617 2797 1650 2824 p.
1668 2788 1845 2817 142—157.
1911 2787 1940 2821 4)
1967 2789 2064 2824 Supra

420 2853 452 2880 p.
472 2845 527 2872 121
553 2844 569 2870 l.
587 2844 626 2871 37
637 2854 677 2880 sq.
2081 2848 2108 2867 50
