2242 3085
107 691 131 710 10

106 965 130 984 15

105 1231 131 1250 20

104 1508 130 1527 25

103 1778 129 1797 30

103 2045 129 2064 8⁶

102 2366 129 2385 40

103 2684 129 2704 4⁶

572 107 622 134 39.
659 106 876 135 CONCHAUM
900 106 1228 137 AQUISGRANENSE
1253 108 1289 134 A.
1312 107 1384 135 816.
1738 107 1797 137 341

152 205 385 234 condemnabitur
409 206 454 240 qui
479 206 609 240 indignus
641 206 757 239 suscipit
789 205 863 239 quod
893 213 949 231 non
979 208 1114 231 meretur.
1163 204 1217 235 Qui
1248 205 1374 239 regimen
1404 205 1554 232 sacerdotii
1579 206 1726 232 contendit
1750 216 1799 241 ap-

151 262 252 294 petere
277 262 343 285 aute
369 259 397 284 in
421 268 450 284 sc
477 259 619 291 discutiat,
652 259 674 284 si
704 259 762 284 vita
785 258 882 284 honori
907 257 942 283 sit
967 266 1099 292 congrua.
1140 257 1247 288 Quodsi
1271 266 1326 284 non
1350 258 1502 292 discrepat,
1534 258 1676 284 humiliter
1700 259 1735 285 ad
1759 259 1798 291 id,

152 313 187 339 ad
211 312 286 346 quod
309 315 436 344 vocatur,
461 312 589 338 accedat.
636 312 758 338 Reatum
784 311 888 345 quippe
914 310 1015 344 culpae
1039 311 1174 345 geminat,
1207 311 1229 336 si
1262 311 1323 344 quis
1355 320 1416 337 cum
1447 311 1530 346 culpa
1560 312 1595 337 ad
1620 312 1797 338 sacerdotale

151 365 262 392 culmen
293 365 408 399 aspirat.
464 364 691 399 Uniuscuiusque
723 373 803 391 casus
833 367 912 390 tanto
943 363 1052 389 maioris
1085 366 1129 389 est
1160 364 1290 396 criminis,
1327 367 1442 398 quanto,
1478 365 1641 398 priusquam
1674 365 1799 397 caderet,

151 418 260 444 maioris
285 422 345 444 erat
369 418 491 444 virtutis.
537 418 775 444 Praecodentium
805 426 926 451 namque
958 417 1121 451 magnitudo
1152 417 1288 442 virtutum
1319 417 1419 443 crescit
1448 418 1482 443 ad
1508 418 1648 444 cumulum
1676 427 1799 452 sequen-

150 471 219 498 tium
244 471 418 498 delictorum.
454 471 587 505 Plerique
605 471 767 497 sacerdotes
784 479 851 497 suae
876 470 963 505 magis
987 469 1117 496 utilitatis
1143 478 1227 496 eausa
1251 478 1334 504 quam
1357 471 1451 505 gregis
1475 479 1609 505 praeesse
1636 471 1800 498 desiderant

150 533 213 557 nec,
239 528 270 550 ut
293 525 410 559 prosint,
443 524 588 559 praesules
613 524 674 551 fieri
698 524 825 558 cupiunt,
858 523 909 550 sed
940 523 1037 557 magis,
1069 526 1100 548 ut
1131 522 1234 549 divites
1259 522 1327 548 fiant
1354 526 1383 549 et
1406 523 1587 550 honorentur.
1636 524 1799 559 Suscipiunt

152 577 224 604 enim
255 578 434 604 sublimitatis
465 577 575 604 culmen
607 586 662 604 non
694 586 743 611 pro
774 576 909 611 pastorali
940 576 1086 611 regimine,
1120 576 1171 602 sed
1202 584 1251 610 pro
1283 576 1368 602 solius
1399 576 1509 602 honoris
1534 577 1686 604 ambitione
1712 581 1797 612 atque

150 631 262 658 abiecto
287 640 371 665 opere
397 631 541 665 dignitatis
566 630 652 656 solam
675 630 792 656 nominis
817 632 957 664 appetunt
982 629 1160 664 dignitatem.
1196 629 1271 657 Dum
1296 629 1360 655 mali
1385 630 1547 655 sacerdotes
1565 630 1626 656 Deo
1652 631 1799 665 ignorante

150 693 205 710 non
229 683 308 716 fiant,
334 687 428 710 tamen
452 684 616 717 ignorantur
640 693 656 710 a
679 683 753 716 Deo,
778 684 838 718 ipso
863 691 915 717 per
938 682 1105 717 prophetam
1130 685 1274 708 testante:
1309 682 1457 718 Principes
1481 682 1639 715 actiterunt,
1671 684 1722 710 sed
1744 694 1798 711 71071

151 737 273 774 εοφιουὶ.
322 737 378 763 Sed
401 737 446 763 1110
470 737 579 763 nescire
604 737 659 763 Dei
682 737 835 771 reprobare
862 739 922 768 θεῖς
948 745 1011 762 nam
1035 736 1114 762 Deus
1139 736 1231 761 omnia
1254 736 1342 762 novit.

257 794 348 825 XVI.
383 794 492 825 Item
516 794 686 825 Isidori
710 793 759 824 de
784 793 984 824 indoctis
1009 793 1301 834 praepositis.
1342 795 1442 823 Sicut¹
1467 798 1555 832 iniqui
1581 802 1609 824 et
1635 802 1798 832 peccatores

149 853 332 879 ministerium
364 852 540 879 sacerdotale
573 852 691 886 adsequi
722 852 918 886 prohibentur,
950 851 990 877 ita
1021 851 1126 877 indocti
1159 854 1188 877 et
1220 851 1342 885 imperiti
1368 860 1383 877 a
1407 851 1456 877 tali
1481 851 1573 878 officio
1605 852 1798 878 retrahuntur.

148 906 194 932 Illi
218 906 290 932 enim
315 905 450 940 exemplis
474 906 530 931 suis
554 906 639 931 vitam
663 906 798 931 bonorum
823 908 1016 938 corrumpunt3
1050 904 1096 930 isti
1127 913 1177 930 sua
1208 904 1319 938 ignavia
1349 904 1458 938 iniquos
1490 905 1629 939 corrigere
1658 905 1798 932 nesciunt.

151 958 225 990 Quid
251 959 323 985 enim
355 959 458 985 docere
489 962 634 992 poterunt,
667 959 742 993 quod
774 958 826 992 ipsi
857 967 912 983 non
943 958 1124 984 didicerunt?
1171 958 1291 984 Desinat
1321 957 1413 984 locum
1438 958 1557 983 docendi
1582 959 1725 992 suscipere
1752 960 1799 993 qui

149 1013 241 1039 nescit
272 1013 385 1039 docere.
431 1012 595 1046 Ignorantia
626 1012 731 1046 quippe
762 1011 923 1046 praesulum
954 1012 1029 1037 vitae
1054 1020 1109 1037 non
1133 1011 1261 1045 congruit
1286 1011 1485 1037 subiectorum.
1536 1010 1641 1038 Caecus
1667 1011 1746 1045 enim,
1777 1012 1801 1039 si

151 1075 231 1093 caeco
264 1065 392 1092 ducatum
419 1064 566 1101 praebeat,
599 1064 678 1092 ambo
708 1064 737 1091 in
761 1065 880 1099 foveam
913 1064 1025 1091 cadunt.
1073 1064 1241 1091 Sacerdotes
1270 1064 1398 1090 indoctos
1422 1074 1474 1098 per
1498 1064 1608 1090 Esaiam
1632 1065 1799 1100 prophetam

149 1119 190 1145 ita
212 1119 348 1145 Dominus
372 1119 527 1153 improbat:
554 1118 622 1154 Ipsi,
647 1118 748 1152 inquit,
768 1121 901 1154 pastores
925 1117 1129 1154 ignoraverunt
1150 1117 1373 1153 intellegentiam,
1400 1121 1429 1143 et
1453 1118 1571 1144 iterum:
1603 1117 1800 1154 Speculatores

150 1172 207 1200 eius
231 1171 306 1199 caeci
329 1181 431 1205 omnes,
455 1172 483 1197 id
509 1175 552 1198 est
577 1172 699 1206 imperiti
724 1171 859 1206 episcopi,
891 1170 1057 1203 nescierunt,
1091 1171 1192 1205 inquit,
1226 1170 1356 1198 zmiversz'.
1383 1180 1466 1197 canes
1490 1170 1564 1203 muti,
1598 1181 1653 1198 non
1677 1172 1800 1199 valentes

149 1227 268 1259 latrare,
292 1226 343 1252 hoc
369 1228 412 1251 est
436 1225 536 1259 plebes
561 1226 717 1251 commissas
741 1234 796 1251 non
812 1225 951 1257 valentes,
977 1224 1135 1250 resistendo
1152 1224 1240 1256 11111115,
1266 1224 1450 1258 perverbum
1468 1225 1610 1251 doetrinae
1630 1225 1797 1252 defendere.

256 1283 386 1314 XVII-⁷.
424 1282 635 1324 Gregorii
660 1282 708 1313 de
733 1282 819 1321 his,
845 1283 917 1324 qui
942 1282 983 1312 iu
1008 1282 1225 1323 regimine
1250 1281 1466 1322 prodesse
1492 1288 1696 1323 possunt,
1723 1282 1799 1313 sed

149 1337 261 1368 idem
297 1336 503 1367 officium
538 1347 614 1377 per
648 1336 841 1377 quietem
877 1335 1102 1377 propriam
1138 1334 1381 1375 refugiunt.
1441 1338 1535 1365 Sunt3
1569 1340 1708 1371 nonnulli,
1747 1341 1792 1374 qui

148 1395 233 1421 nimia
263 1395 396 1420 virtutum
428 1395 501 1420 dona
531 1394 691 1428 percipiunt
723 1398 751 1420 et
782 1402 832 1428 pro
864 1393 1065 1419 exercitatione
1099 1396 1274 1418 caeterorum
1298 1392 1405 1426 magnis
1429 1392 1590 1418 munoribus
1616 1393 1791 1426 exaltantur3

149 1449 197 1482 qui
228 1448 320 1474 studio
352 1448 490 1474 castitatis
522 1447 634 1480 mundi,
670 1447 861 1473 abstinentiae
890 1447 989 1472 robore
1021 1446 1123 1478 validi,
1160 1445 1304 1471 doctrinae
1336 1445 1454 1479 dapibus
1487 1445 1602 1478 referti,
1640 1447 1796 1480 patientiae

147 1501 360 1536 longanimitate
385 1501 514 1533 humiles,
538 1501 714 1526 auctoritatis
738 1500 903 1526 fortitudine
931 1499 1018 1526 erecti
1036 1499 1155 1525 districti
1172 1502 1254 1531 sunt3
1281 1499 1327 1532 qui
1345 1499 1471 1524 nimirum
1489 1498 1599 1525 culmen
1618 1500 1794 1533 regiminum,

148 1556 170 1581 si
194 1555 286 1582 vocati
310 1555 453 1588 suscipere
478 1558 630 1586 rennuunt,
655 1554 716 1588 ipsa
739 1554 791 1580 sibi
815 1553 982 1588 plerumque
1008 1553 1081 1578 dona
1105 1553 1241 1583 adimunt,
1274 1561 1346 1586 quae
1379 1561 1433 1578 non
1461 1561 1510 1586 pro
1535 1561 1564 1578 50
1590 1554 1794 1582 tantummodo,

148 1609 199 1636 sed
231 1609 315 1635 etiam
345 1616 395 1642 pro
426 1607 486 1634 aliis
518 1610 700 1641 acceperunt.
749 1606 875 1641 Cumque
908 1616 957 1632 sua
991 1609 1020 1632 et
1052 1615 1107 1632 non
1139 1606 1254 1631 aliorum
1283 1606 1361 1631 lucra
1385 1605 1519 1639 cogitant,
1553 1606 1619 1640 ipsis
1649 1615 1691 1638 se,
1723 1615 1796 1640 quae

147 1662 257 1696 privata
280 1661 385 1688 habere
411 1664 561 1695 appetunt,
593 1661 672 1686 bonis
696 1661 817 1694 privant.
854 1659 1006 1693 Discipulis
1031 1660 1058 1685 in
1084 1659 1231 1693 cvangelio
1256 1659 1360 1685 veritas
1385 1659 1469 1684 dicit:
1504 1658 1567 1685 Non
1588 1663 1680 1695 potest
1701 1659 1797 1686 civitas

148 1714 281 1742 abscondi
302 1723 387 1750 super
410 1717 526 1740 montem
545 1713 650 1750 posita.
698 1712 795 1749 Neque
818 1713 975 1739 accendunt
1002 1712 1145 1739 lucernam
1171 1716 1195 1738 et
1212 1715 1325 1747 ponunt
1348 1721 1407 1738 eam
1432 1711 1480 1738 sub
1511 1712 1609 1745 modio,
1641 1713 1692 1739 sed
1713 1722 1797 1749 super

148 1767 357 1801 caudelabrwn,
382 1771 411 1794 ut
434 1768 524 1794 luceat
546 1766 678 1799 omuibus,
704 1766 751 1802 qui
774 1766 800 1792 in
827 1766 906 1793 domo
929 1769 1001 1792 sunt.
1039 1765 1111 1791 Hinc
1135 1766 1222 1792 Petro
1246 1766 1301 1792 ait:
1337 1764 1432 1792 Simon
1456 1765 1601 1794 Iohannis,
1628 1775 1708 1792 amas
1733 1766 1797 1793 me?

148 1820 203 1852 Qui
227 1830 289 1847 cum
313 1830 343 1847 se
369 1829 460 1847 amare
486 1820 613 1854 protinus
633 1820 837 1854 respondisset,
863 1819 986 1845 audivit:
1014 1818 1046 1845 Si
1070 1818 1161 1855 diligis
1185 1828 1234 1851 me,
1258 1828 1344 1854 pasce
1367 1828 1430 1845 oues
1454 1828 1538 1845 mens.
1575 1818 1603 1844 Si
1623 1828 1689 1853 ergo
1706 1819 1794 1846 dilec-

147 1875 230 1901 tionis
255 1878 298 1900 est
326 1874 517 1900 testimonium
549 1882 615 1899 cura
644 1873 791 1907 pastionis,
825 1873 951 1907 quisquis
983 1872 1135 1898 virtutibus
1166 1874 1276 1906 pollens
1307 1881 1423 1906 gregem
1447 1872 1502 1898 Dei
1533 1873 1645 1898 rennuit
1677 1882 1793 1906 pascere

147 1932 287 1962 pastorem
312 1936 446 1953 summum
470 1927 644 1953 convincitur
667 1935 722 1953 non
746 1935 849 1952 amare.
887 1923 935 1951 Sil
960 1926 1047 1951 nostri
1072 1926 1144 1951 sicut
1167 1926 1283 1959 proximi
1300 1934 1393 1951 curam
1410 1926 1531 1959 gerimus
1549 1926 1628 1960 quasi
1645 1930 1793 1960 utrumque

147 1982 249 2016 pedem
274 1990 325 2015 per
349 1980 563 2007 calciamentum
586 1980 732 2006 munimus.
781 1979 835 2010 Qui
859 1988 925 2005 vero
950 1988 1001 2005 sua
1025 1979 1151 2013 cogitans
1176 1979 1328 2004 utilitatem
1353 1979 1536 2012 proximorum
1560 1979 1687 2013 neglegit
1714 1980 1793 2013 quasi

147 2035 227 2060 unius
258 2034 339 2068 pedis
371 2033 584 2060 calciamentum
615 2042 677 2059 cum
709 2033 849 2059 dedecore
883 2033 996 2058 amittit.
1045 2032 1117 2058 Sunt
1141 2032 1276 2063 nonnulli,
1310 2032 1357 2066 qui
1381 2033 1488 2064 maguis
1512 2033 1673 2058 muneribus
1699 2033 1792 2065 ditati,

147 2088 212 2113 dum
236 2088 319 2114 solius
344 2087 587 2121 contemplationis
612 2087 711 2112 studiis
735 2086 926 2118 inardescunt,
951 2095 1050 2119 parere
1076 2085 1192 2111 utilitati
1216 2086 1402 2119 proximorum
1427 2086 1452 2110 111
1478 2086 1689 2119 praedicatione
1714 2086 1790 2112 refu-

147 2141 237 2175 giunt,
263 2144 404 2167 secretum
429 2140 531 2174 quietis
556 2140 687 2174 diligunt,
713 2148 855 2166 secessum
879 2139 1079 2173 speculationis
1104 2141 1254 2173 appetunt,
1281 2139 1315 2165 de
1342 2148 1406 2172 quo,
1431 2139 1452 2164 si
1475 2139 1601 2165 districtc
1620 2139 1790 2171 iudicentur,

254 2271 310 2295 XV.
342 2272 352 2294 1
376 2271 618 2302 condempnabitur
637 2270 668 2294 L.
689 2270 721 2294 B.
789 2271 804 2293 2
825 2270 858 2293 ad
879 2269 904 2293 id
926 2269 959 2293 ad
980 2267 1060 2300 quod]
1083 2270 1115 2293 ad
1136 2270 1157 2293 it
1177 2270 1248 2300 quod
1268 2269 1299 2293 B.
1375 2270 1389 2293 3
1410 2269 1491 2300 culpa
1511 2269 1542 2292 R.
1617 2267 1659 2300 ad]
1681 2274 1743 2294 ante
1765 2270 1794 2294 L.

148 2318 163 2339 4
183 2319 259 2340 tanta
278 2315 310 2340 B.
402 2316 416 2339 5
443 2312 510 2345 erat]
538 2318 578 2339 est
602 2315 638 2338 ill.
730 2316 745 2338 9
772 2315 905 2345 dignitate
926 2314 957 2337 B.
1050 2313 1128 2338 malis
1155 2314 1187 2338 B.
1280 2315 1311 2337 10
1337 2322 1384 2345 per
1410 2311 1576 2345 prophetam]
1603 2314 1735 2345 propheta
1763 2314 1794 2338 B.

150 2361 178 2384 11
201 2357 253 2390 hic]
274 2360 324 2383 hoc
346 2360 381 2384 M.

253 2413 325 2437 XVI.
357 2414 387 2436 13
408 2416 561 2437 retrauntur
580 2412 612 2438 B.
688 2413 719 2436 14
739 2413 791 2436 ista
810 2412 841 2435 L.
918 2413 948 2435 15
970 2409 1050 2441 Quid]
1072 2412 1125 2440 Qui
1146 2411 1181 2435 M.
1264 2412 1293 2435 17
1315 2408 1432 2442 Esaiam]
1453 2411 1488 2435 ita
1509 2411 1539 2435 R.
1560 2411 1590 2437 L,
1618 2412 1740 2435 Hisaiam
1761 2412 1793 2440 B,

147 2458 272 2482 Aes-aiam
294 2457 329 2481 M.

254 2511 344 2534 XVII.
374 2511 404 2534 21
428 2510 576 2541 Gregorius
596 2510 627 2534 B.
702 2511 734 2534 23
755 2509 969 2533 exhereitatione
992 2509 1022 2533 B.
1096 2510 1128 2533 26
1149 2509 1289 2533 adhimunt
1309 2509 1341 2533 B.
1407 2510 1438 2533 29
1460 2510 1585 2533 accendit
1606 2509 1636 2533 R.
1702 2506 1793 2540 super]

147 2563 229 2587 supra
249 2555 281 2579 B.
355 2556 388 2579 30
408 2554 508 2586 Symon
529 2554 663 2578 Iohannes
684 2554 716 2578 Β.
790 2555 822 2578 32
842 2562 949 2585 greeem
970 2553 1001 2577 B.
1067 2554 1099 2577 36
1120 2550 1267 2585 refugiunt]
1289 2557 1406 2577 renuunt
1427 2553 1462 2577 M.
1530 2554 1561 2578 37
1582 2554 1738 2578 iudicantur
1757 2553 1792 2577 M.

258 2674 285 2707 1)
310 2673 446 2706 Isidorus,
480 2671 686 2699 Sententiarum
711 2665 826 2698 MIHI
845 2681 866 2697 c.
885 2671 940 2704 35;
979 2670 1051 2707 0722).
1077 2670 1124 2704 VI,
1149 2671 1217 2699 323.
1326 2670 1355 2703 2)
1383 2669 1470 2698 C'.17
1487 2681 1527 2692 :z
1553 2670 1620 2696 Taso
1647 2670 1679 2696 II
1698 2679 1720 2696 v.
1738 2670 1792 2697 41:

147 2727 241 2761 Risco,
266 2727 283 2754 l.
302 2727 319 2753 l.
338 2725 451 2760 XXXI,
476 2727 534 2754 330
545 2734 605 2761 sqq.
623 2721 744 2761 (Illique,
770 2725 786 2751 l.
805 2724 822 2750 l.
844 2723 968 2757 LXXX,
986 2721 1125 2760 84111ᾳᾷ-
1197 2724 1226 2756 3)
1254 2716 1303 2750 Ea:
1321 2722 1460 2760 Grcyorio
1480 2723 1531 2755 M„
1558 2723 1667 2759 lt't’ynla
1680 2726 1790 2758 paslnr.

148 2780 168 2807 I
186 2790 208 2807 c.
226 2781 262 2813 5,·
288 2779 360 2816 Opp.
386 2779 424 2813 ΙΙ,
450 2780 477 2807 6.
571 2777 601 2812 4)
626 2777 686 2811 Ib.;
710 2778 728 2804 l.
746 2778 763 2804 l.
789 2777 828 2810 II,
854 2777 881 2805 7.

1820 694 1875 713 Osee
1884 693 1903 717 8,
1914 694 1934 714 4.

1820 1021 1898 1041 nauh.
1906 1021 1938 1045 15,
1946 1022 1977 1042 14.

1819 1119 1846 1138 Is.
1857 1119 1930 1142 56,11.

1819 1145 1887 1170 iuss,
1898 1146 1928 1165 10v

1817 1660 1896 1679 Manb-
1905 1661 1925 1683 ὁ,

1838 1687 1868 1706 14.
1877 1687 1908 1706 15.

1817 1776 1898 1799 11121,
1908 1776 1974 1795 15-1'1.
