2242 3085
85 1004 111 1022 15

84 1279 111 1298 20

84 1555 110 1574 25

85 1821 111 1840 30

87 2277 112 2296 35

86 2498 113 2516 40

532 142 581 169 21.
618 142 833 168 CONCILIUM
858 141 1146 168 FOROIULIENSE
1171 142 1209 169 A.
1231 139 1385 169 7950797.
1717 140 1777 169 189

130 236 266 268 dextera
291 235 470 267 collocavit.
508 235 545 265 In
563 234 676 266 eadem
693 235 808 266 iterum
825 239 980 265 venturus
999 239 1046 264 est
1063 233 1207 264 iudicare
1225 235 1317 265 vivos
1336 242 1366 265 et
1391 241 1532 266 mortuos
1558 241 1589 267 et
1614 236 1777 267 saeculum

130 301 189 332 per
213 289 331 330 ignem,
357 288 542 319 redditurus
566 288 740 329 unicuique
766 287 944 318 secundum
970 297 1068 328 opera
1093 298 1160 323 sua,
1186 287 1292 328 impiis
1318 289 1428 329 utique
1451 289 1644 330 supplicium
1662 290 1778 331 sempi-

130 347 266 381 ternum7
290 341 382 372 iustis
407 352 485 372 vero
510 341 609 372 vitam
635 345 810 371 aeternam.
847 340 970 371 Divina
994 345 1101 370 autern
1126 339 1180 370 illa
1204 340 1378 371 ineffabilis
1402 347 1527 375 natura,
1553 343 1585 372 iu
1608 354 1671 384 qua
1688 343 1779 374 Deus

130 401 180 426 est
209 394 352 437 aequalis
385 395 469 436 patri
500 399 676 435 sanctoque
702 393 845 435 Spiritui,
878 392 1086 434 inpassibilis,
1120 393 1328 429 inmutabilis,
1362 395 1626 431 inconvertibilis,
1658 395 1778 438 ubique

130 459 284 490 praesens
316 458 508 489 semperque
542 447 754 488 omnipotens,
790 446 945 476 inviolata
980 457 1183 488 permanens,
1220 447 1253 476 in
1290 458 1353 488 qua
1385 453 1499 488 regnat
1530 449 1561 478 in
1594 449 1716 479 unitate
1748 455 1780 480 et

129 501 272 532 trinitate
309 512 381 531 cum
417 506 507 542 patre
544 506 575 530 et
610 499 732 541 Spiritu
768 505 878 530 saneto
915 506 946 530 ct
981 511 1066 530 nune
1103 506 1133 530 et
1169 510 1297 541 semper
1335 507 1365 530 et
1401 511 1458 541 per
1494 507 1611 531 cuncta
1647 502 1778 533 saecula

130 554 341 585 saeculorum.
388 553 504 584 Amen.

236 616 331 647 Hanc
356 616 454 657 igitur
478 614 656 646 catholicae
681 614 756 645 fidei
782 615 1031 645 sincerissimam
1065 615 1236 656 puritatem
1268 614 1416 646 volumus
1449 627 1558 646 omnes
1586 616 1648 646 Dei
1674 628 1778 648 saeer-

129 669 220 700 dotes
252 680 428 711 omnesque
460 668 578 709 gradus
610 667 768 699 ecclesiae
800 680 923 698 summo
955 680 1027 699 cum
1053 667 1159 698 studio
1185 673 1216 698 et
1241 667 1363 709 absque.
1389 668 1452 698 ullo
1478 669 1566 706 vitio,
1600 670 1643 700 ita
1674 676 1708 700 ut
1739 682 1779 701 ne

85 738 94 756 2
129 734 212 753 unus
237 722 367 764 quidem
393 733 478 763 apex
502 721 731 752 intermittatur
755 721 806 751 vel
831 726 998 762 augeatur⁷
1031 721 1182 752 distinete
1208 726 1240 751 et
1265 722 1417 751 sensatim
1444 721 1599 752 discendo
1624 724 1780 754 memoria

128 777 268 806 retinere
301 781 333 806 et
363 775 500 817 posteris
532 775 597 805 suis
629 774 785 805 discenda
816 773 1051 816 derelinquere.
1100 774 1135 805 Si
1160 775 1232 816 quis
1264 774 1461 815 vigilantiori
1492 786 1587 805 sensu
1614 776 1779 817 praeditus

129 835 203 860 ante
227 829 376 870 potuerit,
402 827 570 858 laudamus
595 832 627 858 et
650 827 824 858 hortamur.
874 827 963 866 Qui*
986 839 1064 858 vero
1090 827 1233 858 inbecilli
1259 828 1388 868 ingenio
1414 834 1544 869 torpens
1570 835 1643 859 ante
1669 830 1778 871 nequi-

129 882 221 921 verit,
247 882 279 912 in
304 881 526 912 anniversaria
550 886 658 911 tamen
682 881 879 922 proximiore
911 880 1005 911 huius
1037 880 1214 911 venerandi
1248 881 1375 911 concilii
1400 880 1599 923 volubilique
1625 883 1778 922 sessione,

129 946 203 966 cum
227 935 343 965 vestris
375 933 539 964 obtutibus
568 933 744 964 auxiliante
769 934 910 964 Domino
942 934 1126 975 pusillitatis
1158 940 1286 964 nostrae
1319 935 1536 975 praesentiam
1567 935 1634 965 vita
1663 936 1778 966 comite

130 993 374 1030 repraesentare
399 987 623 1025 meruerinum,
648 986 721 1017 Deo
746 986 893 1017 amabilis
911 987 1121 1018 fraternitatis
1138 992 1266 1018 vestrae
1285 988 1413 1027 caritas,
1438 987 1531 1025 hanc,
1558 988 1641 1020 sicut
1658 988 1778 1020 dietum

131 1047 188 1081 est,
214 1042 369 1072 memoria
394 1041 540 1077 retineat,
573 1041 617 1070 ita
641 1052 729 1079 sane,
761 1046 796 1071 ut
820 1041 851 1071 in
876 1046 1004 1071 nostrae
1036 1040 1222 1071 humilitatis
1248 1047 1381 1082 aspectu
1407 1052 1477 1071 eam
1503 1041 1646 1072 studiose
1672 1042 1779 1073 valeat

130 1106 317 1134 recensere3
343 1094 486 1136 alioquin
511 1093 644 1124 difficile
669 1105 727 1124 vos
752 1094 854 1124 vitare
880 1093 1118 1125 ecclesiasticas
1143 1093 1262 1124 ferulas
1288 1094 1445 1125 estimato.

239 1156 448 1199 Symbolum¹
481 1167 558 1186 vero
590 1161 621 1186 et
652 1157 829 1186 orationem
862 1155 1056 1187 dominicam
1093 1157 1195 1187 omnis
1227 1156 1429 1187 Christianus
1467 1157 1651 1188 memoriter
1687 1158 1777 1196 sciat,

131 1211 235 1242 omnis
260 1215 360 1249 aetas,
386 1210 488 1240 onmis
514 1220 611 1240 sexus
637 1210 804 1251 omnisque
822 1209 974 1249 conditio,
999 1209 1180 1249 masculini,
1205 1209 1355 1246 feminae,
1381 1210 1525 1249 iuvenes⁷
1551 1221 1655 1249 senes,
1682 1211 1778 1250 servi,

130 1263 234 1303 liberi,
260 1263 362 1305 pueri,
388 1263 551 1303 coniugati
576 1263 795 1304 innuptaeque
821 1262 957 1305 puellae,
990 1263 1065 1304 quia
1097 1263 1165 1293 sine
1190 1262 1250 1293 hac
1276 1262 1502 1293 benedictione
1531 1263 1636 1294 nullus
1662 1265 1780 1305 poterit

129 1317 161 1347 in
194 1316 356 1348 caelorum
388 1327 488 1357 regno
520 1317 688 1357 percipere
721 1317 910 1357 portionem.
967 1316 1030 1355 Qui
1062 1322 1169 1347 autem
1205 1316 1429 1347 observaverit
1462 1316 1542 1347 haec
1574 1322 1606 1348 et
1637 1328 1655 1347 a
1686 1317 1778 1348 malis

130 1369 281 1412 operibus
313 1381 346 1400 sc
372 1369 570 1408 custodierit,
602 1375 633 1400 et
667 1370 699 1400 in
731 1370 894 1411 praesenti
924 1369 1053 1399 saeculo
1085 1369 1192 1400 salvus
1226 1370 1286 1399 crit
1311 1376 1342 1400 et
1367 1370 1397 1399 in
1424 1369 1531 1400 futuro
1558 1381 1630 1400 cum
1656 1370 1779 1412 angelis

129 1422 357 1464 congaudebit.

237 1485 309 1516 Non
334 1496 445 1520 novas,
479 1485 651 1521 karissimi,
684 1485 811 1526 regulas
845 1485 1040 1515 instituimus
1072 1496 1131 1515 nec
1158 1496 1376 1526 supervacuas
1403 1496 1507 1515 reruni
1533 1485 1779 1516 adinventiones

129 1539 291 1570 inhianter
315 1545 487 1577 sectamur,
520 1538 577 1569 scd
610 1539 710 1569 sacris
742 1544 950 1580 paternorum
981 1550 1140 1569 canonum
1167 1539 1334 1568 recensitis
1360 1538 1444 1568 foliis
1470 1550 1518 1575 ea,
1552 1550 1635 1580 quae
1667 1531 1707 1569 ab
1734 1540 1779 1570 eis

129 1591 212 1623 bene
238 1597 329 1633 gesta
353 1591 538 1633 salubrique
564 1591 766 1633 promulgata
797 1603 949 1622 mucrone
982 1592 1166 1633 persistunt,
1199 1603 1324 1622 summa
1356 1591 1536 1622 devotionis
1571 1593 1779 1623 veneratiom¹

129 1645 361 1687 amplectentes
386 1646 557 1676 recentiori
581 1645 652 1676 stilo
678 1656 775 1686 opere
808 1645 973 1686 praecium
1005 1645 1155 1675 duximus
1188 1656 1360 1684 renovare,
1393 1650 1552 1686 quatenus
1584 1645 1625 1676 ad
1649 1645 1780 1676 modum

129 1698 241 1729 mundi
258 1710 296 1729 ac
314 1699 506 1729 ruminantis
524 1698 726 1740 ungulasque
743 1698 894 1729 findentis
908 1698 1066 1737 animalis,
1087 1698 1260 1729 devoratas
1279 1709 1392 1729 aeseas
1407 1698 1447 1728 ad
1461 1698 1587 1729 faucem
1606 1700 1779 1730 memoriae

131 1757 333 1792 revocantes,
371 1752 462 1794 quasi
495 1751 687 1782 ruminando
719 1763 777 1793 per
808 1763 898 1782 sacre
930 1751 1077 1782 lectionis
1109 1751 1249 1782 studium
1282 1751 1404 1782 dudum
1435 1751 1604 1793 depastum
1637 1752 1780 1794 spiritale

130 1805 285 1848 pabulum
310 1804 459 1836 subtilius
485 1805 702 1847 liquidiusque
728 1816 798 1835 sese
824 1805 855 1835 in
880 1810 993 1835 ventre
1019 1806 1134 1836 mentis
1166 1804 1326 1835 refundat.
1376 1804 1448 1844 Quo
1473 1806 1580 1836 satiati
1606 1805 1780 1837 dilitiarum

130 1859 273 1890 suaviter
304 1858 418 1900 aepulo
451 1858 493 1889 ad
524 1858 712 1889 referendas
742 1859 873 1900 superni
898 1857 1060 1899 largitoris
1085 1859 1216 1899 gratias,
1250 1858 1288 1889 dc
1319 1859 1409 1889 cuius
1440 1858 1651 1900 benignitatis
1683 1871 1780 1890 manu

240 2010 265 2043 *)
292 2016 341 2040 Pro
367 2014 420 2045 Qui
445 2024 511 2041 vero
537 2029 577 2032 —
604 2015 733 2040 estimare
758 2017 785 2045 (Ι.
802 2019 846 2040 17)
865 2016 923 2040 lzuec
944 2016 1044 2047 praehet
1063 2016 1105 2039 Jl:
1136 2012 1212 2044 Qui2
1236 2023 1301 2040 vero
1327 2017 1392 2039 ante
1418 2023 1472 2039 non
1497 2015 1652 2048 potuerint,
1683 2016 1708 2040 in
1735 2015 1779 2041 die

292 2072 386 2094 tamen
411 2072 507 2093 saneto
533 2068 656 2094 Paschae
682 2068 825 2102 pram-wilti
851 2077 922 2093 anno
947 2076 1052 2095 omnes,
1085 2068 1155 2093 sieut
1182 2067 1309 2095 diximus,
1341 2068 1472 2093 memoria
1502 2068 1655 2098 retineant,
1687 2069 1726 2094 ita
1750 2072 1781 2094 ut

292 2121 319 2146 in
344 2125 455 2147 nostrae
481 2121 644 2147 hinnilitatis
668 2121 831 2155 praesentia
856 2130 914 2146 eam
940 2121 1064 2146 studiose
1091 2120 1201 2146 valeant
1228 2129 1388 2147 recensere.

242 2271 251 2293 1
275 2269 431 2293 conlocavit
450 2269 487 2293 Jl.
560 2270 574 2293 2
595 2266 798 2300 sempiternum]
821 2272 958 2293 aeternum
979 2266 1015 2292 J!-
1089 2272 1103 2292 :5
1124 2269 1169 2292 illa
1190 2269 1254 2293 dms!
1275 2270 1309 2293 JL
1392 2271 1406 2293 5
1427 2267 1596 2301 semperque]
1618 2278 1724 2302 semper
1745 2269 1780 2294 JJ.

134 2316 148 2338 6
169 2315 269 2346 Spiritu
290 2311 394 2344 sancto]
416 2317 510 2337 sant-to
532 2314 632 2345 Spiritu
654 2314 690 2337 M.
783 2316 797 2337 S
822 2311 881 2343 Dei]
902 2314 1010 2336 Domini
1034 2314 1068 2337 Η.
1161 2316 1175 2337 9
1203 2311 1312 2344 gradus]
1333 2314 1435 2345 grudus
1456 2314 1481 2337 1⁷.
1575 2312 1650 2344 vitio]
1672 2323 1779 2339 servare

130 2359 190 2382 adel.
211 2358 246 2382 ᾸῙ.
334 2360 362 2382 11
387 2356 584 2389 derelinquere]
606 2358 758 2389 relinquere
779 2357 814 2381 Jl.
902 2359 931 2381 12
953 2358 1089 2381 hortamus
1111 2358 1145 2381 js.
1231 2359 1261 2381 13
1283 2359 1459 2382 anniversarii
1482 2358 1506 2382 Γ.
1592 2360 1621 2382 16
1642 2360 1732 2383 studio
1756 2360 1780 2382 1⁷.

135 2404 163 2427 17
191 2404 326 2427 recenseri
353 2403 378 2426 Γ.
472 2404 502 2426 19
531 2399 682 2433 omnisque]
710 2403 795 2425 omnis
817 2402 852 2426 M.
944 2403 1055 2426 iuvenes
1082 2400 1169 2432 senes]
1197 2410 1275 2426 senes
1303 2403 1413 2426 iuvenes
1441 2403 1474 2426 Jl.
1568 2404 1597 2427 21
1628 2403 1778 2435 percipere]

133 2448 253 2479 recipere
275 2446 309 2470 M.
375 2448 407 2471 ‘23
429 2443 624 2478 congaudebit]
644 2446 687 2470 leuc
707 2447 775 2470 17'1‘lm
795 2447 859 2470 sistit
879 2447 913 2470 Js.
979 2448 1011 2470 28
1033 2447 1230 2470 ruminantibus
1252 2446 1407 2478 ungulaque
1431 2447 1454 2470 Γ.
1520 2449 1552 2471 29
1574 2449 1734 2472 ruminanda
1755 2449 1780 2472 Γ.

132 2491 292 2523 spiritalium
315 2491 340 2514 1'.
415 2492 448 2514 32
468 2492 587 2522 potuerit
609 2491 643 2516 Jl.
719 2494 750 2514 3⁴
772 2490 860 2515 valeat
883 2492 1015 2514 recenseri
1039 2489 1074 2515 M.

244 2626 271 2659 l)
299 2626 347 2661 Qf.
374 2626 516 2653 coucilium
544 2626 790 2661 Francosufflvnsv
809 2627 865 2654 794
891 2637 913 2652 c.
932 2628 978 2659 :3:3,
1003 2636 1091 2662 snpra
1112 2637 1142 2662 st.
1165 2627 1236 2660 169;
1264 2637 1285 2653 r.
1310 2631 1462 2662 praeterea
1490 2627 1636 2664 ἸἸινυιίιιζῙῐ
1652 2627 1779 2653 Aurelia-

133 2679 227 2707 nensis
252 2679 407 2716 capitulare
431 2690 456 2715 q.
477 2679 502 2705 d.
519 2679 642 2715 primum
668 2690 691 2705 (·.
708 2682 759 2708 252,
788 2679 885 2706 illuns-l
902 2679 986 2712 XIII.
1006 2681 1084 2709 1000
1109 2680 1145 2715 (v.
1165 2679 1267 2706 ‘Neues
1284 2680 1398 2706 Art-hir·
1417 2680 1529 2712 XXVI,
1548 2678 1628 2708 667).
1668 2679 1778 2714 llam-lc,

133 2734 152 2759 l.
177 2733 194 2759 l.
220 2732 258 2766 H,
282 2734 341 2761 271
367 2742 434 2759 (11171.
454 2734 478 2760 1.
573 2732 603 2765 2)
636 2732 734 2759 Tractus
758 2732 858 2759 codicis
886 2732 925 2766 M,
951 2742 1010 2759 cum
1037 2733 1071 2759 si!
1102 2732 1128 2759 ιἰι
1151 2732 1231 2768 peius
1255 2733 1333 2760 leand
1356 2733 1434 2759 dubie
1458 2737 1585 2762 nudatus,
1618 2733 1687 2760 uiln'l
1708 2733 1781 2770 fidei

133 2785 336 2813 attribuendum
362 2785 429 2812 erit:
455 2786 487 2812 de
504 2789 625 2821 lcznpore
648 2796 713 2822 (erqo
738 2785 846 2812 eom-ilii
870 2785 955 2812 habiti
977 2789 1042 2815 tota.
1069 2790 1097 2812 ul
1121 2785 1224 2812 ηιυιιαίί
1249 2786 1284 2812 K.
1312 2786 1439 2819 mezer,
1466 2786 1602 2813 runa-lusia
1627 2786 1705 2812 iam.

1800 1712 1826 1731 vs.
1835 1712 1900 1731 Dent.
1907 1711 1959 1735 14,6.
