2242 3085
263 1493 310 1511 Ioh.
320 1494 351 1516 15,
359 1493 390 1512 25.

290 1520 320 1543 ιθ,
330 1520 362 1538 11.

251 1611 279 1629 ib.
290 1611 388 1634 14,s.10.

280 1876 308 1896 ιι),
318 1876 349 1899 2ο,
360 1876 391 1896 22,

297 1930 325 1949 ib,

336 1929 365 1950 16,
374 1930 391 1949 T.

416 122 474 152 182
805 124 855 150 21.
893 123 1109 150 CONCILIUM
1134 122 1421 150 FOROIULIENSE
1445 124 1480 150 A.
1503 119 1658 159 796s797.

412 224 443 249 et
467 217 694 259 exponendum
722 228 831 247 eorum
857 216 972 247 subtile
998 216 1146 258 supplere
1172 216 1346 257 ingenium,
1376 216 1433 247 sed
1457 215 1578 247 addere
1602 215 1654 246 vel
1678 216 1822 246 minuare
1848 220 1896 246 est
1920 214 2054 246 subdole

412 278 523 301 contra
556 276 797 301 sacrosanctum
828 281 938 300 corum
974 280 1118 308 sensum,
1151 269 1243 300 aliter
1274 281 1369 311 quam
1405 269 1450 300 illi
1482 268 1599 299 callida
1628 260 1894 309 tergiversatione
1926 268 2055 299 diversa

412 324 530 354 sentire
567 328 598 354 et
634 323 767 354 confuso
800 322 871 353 stilo
903 334 1090 364 perversum
1123 322 1240 364 dogma
1272 333 1465 364 componere
1497 333 1534 352 ac
1566 332 1624 363 per
1654 321 1713 352 hoc
1744 321 1843 363 impio
1869 332 1923 352 ore
1947 321 2053 363 potius

412 377 569 407 iactanter
600 376 723 417 garrire
756 386 853 417 quani
878 375 994 407 docere
1019 386 1215 417 presumere.
1262 375 1476 406 Plurimorum
1507 375 1625 405 etenim
1657 373 1887 405 catholicorum
1911 374 2054 405 virorum

413 429 689 470 ecclesiarumque
722 429 785 459 Dei
817 428 973 460 cultorum
1010 440 1100 459 sacre
1136 428 1212 459 fidei
1248 429 1460 470 compositum
1494 426 1680 458 venerabile
1716 427 1832 468 legitur
1867 438 1947 468 opus
1983 427 2054 458 aliis
2073 437 2088 455 ει

411 482 542 524 quidem
567 481 675 512 verbis
701 481 912 524 dissimilique
937 481 1060 513 calamo
1085 486 1266 520 resonante,
1298 481 1355 512 sed
1386 480 1523 512 eundem
1552 491 1680 511 sensum
1705 479 1908 522 eundemque
1932 480 2054 522 ingenii

411 535 607 566 intellectum
641 535 845 566 concorditer
876 535 1049 566 inviolatae
1079 534 1153 565 fidei
1186 546 1247 564 uno
1279 534 1470 565 adsertionis
1502 533 1646 565 redolere
1671 532 1825 575 probatur
1849 532 2053 564 documento.

411 588 494 619 Nam
525 589 551 618 si
575 594 782 619 recenseatur
807 588 942 618 Nicaeni
967 587 1105 629 symboli
1130 587 1230 617 series
1255 586 1451 625 veneranda,
1482 586 1581 617 nichil
1612 585 1700 616 aliud
1732 585 1770 616 de
1797 585 1918 627 Spiritu
1942 592 2053 617 sancto

412 642 445 671 in
470 652 508 671 ea
532 641 594 671 nisi
620 641 679 672 hoc
704 641 798 672 modo
825 641 981 682 repperiri
1007 641 1125 682 poterit
1148 639 1403 682 promulgatum:
1436 640 1488 670 ‘Et
1518 640 1551 670 in
1582 639 1749 678 sanetum',
1780 639 1938 681 inquiunt,
1971 639 2052 681 ‘Spi-

412 694 528 724 ritum'.
578 694 665 733 Quid
696 700 744 725 est
775 706 851 735 ergo
876 694 1000 724 dicere:
1034 693 1085 724 ‘Et
1117 694 1148 723 in
1175 693 1328 734 Spiritum
1359 692 1541 723 sanctum'?
1590 692 1759 732 Quomodo
1791 692 1982 734 accipienda
2006 697 2054 723 est
2075 703 2099 721 ιο

411 752 477 777 tam
501 746 694 778 brevissima
718 758 826 778 eorum
852 747 1020 788 professio,
1046 747 1107 777 nisi
1133 752 1165 777 ut
1190 751 1337 788 patenter
1361 745 1453 776 detur
1469 745 1612 787 intellegi
1627 746 1784 776 mentium
1801 756 1911 776 eorum
1928 745 2053 787 integre

411 799 487 831 fidei
512 800 663 841 religiosa
688 800 816 831 devotio
842 805 873 830 et
897 801 929 830 in
954 805 1099 830 sanctum
1125 799 1281 841 Spiritum
1305 799 1388 829 sicut
1412 804 1443 829 et
1466 799 1499 829 in
1522 804 1648 840 patrem
1673 804 1704 829 et
1727 798 1826 829 filium
1844 797 2054 840 probabiliter

412 853 600 893 credidisse,
633 852 905 895 quemadmodum
936 858 1049 894 postea
1073 863 1092 882 a
1117 853 1236 883 sanctis
1267 851 1413 893 patribus
1438 856 1567 882 centum
1591 852 1835 893 quinquaginta,
1867 852 1921 893 qui
1946 857 2053 882 conte-

411 907 485 937 stati
510 912 583 937 sunt
615 906 751 948 symboli
783 905 878 936 fidem
904 905 1041 936 Nicaeni
1071 905 1198 936 concilii
1229 904 1416 936 inviolatam
1446 904 1631 946 perenniter
1654 904 1869 946 permanere?
1918 904 2053 946 Supple-

411 965 526 990 verunt
557 964 665 990 tamen
691 960 781 1000 quasi
808 958 1002 1000 exponendo
1028 970 1138 989 eorum
1169 969 1299 989 sensum
1330 963 1362 988 et
1390 958 1423 988 in
1449 957 1603 999 Spiritum
1632 962 1778 988 sanctum
1802 957 1995 989 confitentur
2019 968 2053 988 se
2075 971 2100 989 ιε»

411 1012 555 1047 eredere,
582 1012 755 1043 ‘dominum
776 1018 807 1042 et
824 1011 1068 1048 vivificatorem,
1095 1023 1135 1042 ex
1152 1016 1243 1053 patre
1260 1010 1500 1053 procedentem,
1526 1022 1598 1041 cum
1616 1016 1706 1052 patre
1724 1015 1755 1041 et
1770 1010 1835 1041 filio
1852 1010 2053 1042 adorandum

411 1072 442 1096 ct
473 1065 741 1107 glorificandum'.
796 1065 888 1096 Haec
920 1065 1005 1095 enim
1038 1070 1069 1095 et
1099 1070 1217 1103 cetera,
1254 1075 1337 1106 quae
1369 1069 1530 1103 secuntur,
1562 1064 1595 1094 in
1625 1063 1762 1094 Nicaeni
1793 1063 1929 1105 symboli
1961 1075 2053 1095 sacro

411 1118 559 1159 dogmate
592 1130 655 1149 non
687 1117 855 1149 habentur.
904 1117 970 1149 Sed
1002 1123 1033 1148 et
1057 1117 1270 1159 postmodum,
1301 1122 1432 1159 propter
1462 1128 1516 1148 eos
1547 1116 1699 1147 videlicet
1723 1116 1892 1156 hereticos,
1924 1117 1979 1158 qui
2003 1128 2053 1147 su-

412 1177 538 1202 surrant
569 1176 715 1202 sanctum
741 1171 893 1212 Spiritum
927 1171 1024 1201 solius
1056 1182 1125 1201 csse
1158 1171 1258 1212 patris
1283 1176 1315 1201 et
1338 1182 1357 1201 a
1381 1170 1448 1201 solo
1472 1169 1648 1212 procedere
1679 1174 1781 1211 patre,
1813 1169 1957 1200 additum
1989 1175 2052 1200 est:

411 1225 485 1263 ‘Qui
511 1236 551 1255 ex
576 1230 666 1266 patre
691 1224 821 1266 filioque
847 1223 1014 1265 procedit'.
1062 1224 1104 1254 Et
1128 1229 1235 1254 tamen
1260 1235 1324 1254 non
1348 1229 1422 1254 sunt
1445 1223 1476 1254 hi
1502 1224 1604 1253 sancti
1629 1228 1736 1264 patres
1769 1222 1930 1264 culpandi,
1963 1224 2055 1265 quasi
2075 1238 2100 1256 20

410 1277 612 1308 addidissent
642 1277 765 1319 aliquid
797 1277 848 1307 vel
879 1277 1070 1307 minuissent
1100 1276 1140 1307 de
1171 1277 1234 1307 fide
1266 1282 1483 1307 trecentorum
1514 1276 1627 1307 decem
1659 1281 1690 1306 et
1714 1281 1785 1306 octo
1810 1281 1947 1317 patrum,
1979 1277 2055 1317 quia

410 1342 473 1360 non
499 1335 610 1361 contra
634 1342 744 1361 eorum
770 1342 899 1361 sensum
925 1330 1054 1360 diversa
1079 1335 1256 1369 senserunt,
1283 1330 1340 1361 sed
1364 1329 1593 1361 inmaculatum
1619 1341 1729 1360 eorum
1753 1329 1950 1360 intellectum
1969 1330 2055 1360 sanis

411 1383 553 1414 moribus
579 1384 728 1425 supplere.
754 1384 954 1414 studuerunt.
1003 1383 1196 1414 Didicerant
1219 1384 1328 1425 itaque
1359 1388 1487 1414 eentum
1519 1383 1763 1424 quinquaginta,
1796 1383 1850 1424 qui
1880 1382 2055 1413 intulerunt

411 1449 429 1466 a
452 1442 544 1478 patre
568 1437 808 1479 procedentem,
841 1436 1041 1478 evangelista
1072 1442 1210 1467 testante
1242 1437 1427 1478 promisisse
1458 1435 1625 1477 discipulis
1657 1437 1762 1477 ipsum
1789 1436 1990 1477 unigenitum
2015 1435 2054 1466 de

411 1501 467 1520 suo
493 1491 623 1531 spiritu:
657 1490 807 1532 Βμίνίῖηκ,
839 1492 897 1531 qni
925 1504 943 1521 a
969 1497 1063 1532 patre
1081 1490 1238 1532 procedit,
1271 1491 1336 1532 ipse
1366 1502 1413 1521 me
1437 1490 1635 1531 clarificabit.
1682 1488 1846 1530 Legerant
1869 1500 1985 1530 nempe
2010 1488 2055 1519 hii
2074 1501 2100 1519 25

411 1549 592 1585 sequentes.
619 1543 673 1584 qui
699 1543 909 1574 addiderunt:
936 1543 1011 1582 ‘Qui
1037 1554 1077 1573 ex
1101 1548 1191 1584 patre
1216 1542 1345 1584 filioque
1370 1542 1538 1584 procedit',
1564 1543 1635 1584 ipsa
1658 1541 1837 1583 eademque
1861 1542 1997 1572 veritate
2020 1542 2053 1572 in

411 1596 580 1637 cvangelio
606 1596 820 1637 redarguente
845 1596 1046 1638 Philippum:
1072 1596 1233 1638 Philippa
1257 1596 1371 1637 inquit.
1397 1597 1455 1637 qui
1476 1596 1560 1627 videt
1582 1608 1638 1634 me,
1665 1595 1747 1626 videt
1766 1603 1793 1626 et
1804 1603 1927 1637 patrem
1944 1608 2051 1627 meum.

410 1651 460 1680 An
488 1662 547 1680 non
572 1650 683 1689 credis.
710 1651 785 1691 qaia
811 1662 863 1691 egla
890 1651 919 1681 εἴη
943 1657 1034 1691 patre
1058 1657 1085 1680 et
1101 1657 1195 1691 pater
1219 1651 1252 1680 ’ἱη
1277 1662 1323 1680 me
1348 1650 1413 1680 est?
1460 1648 1493 1679 Si
1519 1659 1606 1689 ergo,
1639 1649 1721 1679 sicut
1745 1649 1813 1690 ipse
1838 1653 1982 1687 testatur,
2007 1649 2053 1679 in-

411 1702 634 1744 separabiliter
665 1708 696 1733 et
728 1702 981 1733 substantialiter
1015 1708 1062 1733 est
1093 1708 1184 1744 pater
1214 1703 1247 1732 in
1278 1702 1343 1733 filio
1375 1707 1406 1732 et
1435 1701 1519 1732 filius
1549 1702 1582 1732 in
1614 1707 1714 1743 patre,
1751 1714 1813 1743 quo
1846 1707 1940 1743 pacto
1965 1701 2054 1732 credi

410 1761 523 1797 potest,
549 1761 583 1785 ut
608 1755 892 1786 consubstantialis
916 1756 1000 1797 patri
1025 1755 1154 1797 filioque
1181 1756 1320 1797 Spiritus
1345 1760 1474 1786 sanetus
1498 1767 1561 1785 non
1588 1767 1606 1785 a
1630 1761 1720 1796 patre
1745 1755 1874 1796 filioque
1900 1755 2052 1785 essentia·
2073 1767 2098 1785 30

410 1809 482 1839 liter
506 1814 537 1839 et
561 1808 821 1850 inseparabiliter
846 1820 973 1850 semper
1003 1809 1183 1850 procedat?
1232 1808 1312 1847 Quis
1338 1814 1385 1838 est
1414 1809 1483 1847 iste,
1516 1807 1660 1841 obsecro.
1693 1809 1747 1849 qui
1778 1808 1857 1839 dicit
1887 1807 2053 1850 discipulis

411 1863 486 1894 suis.
512 1874 585 1892 cum
610 1862 805 1893 insufflasset
830 1863 862 1892 in
888 1863 949 1893 eis:
975 1862 1119 1904 Accipite
1144 1862 1299 1904 sz'rz'tmn
1324 1862 1486 1893 sanctum?
1524 1861 1604 1900 Quis
1625 1868 1681 1899 est,
1707 1862 1848 1903 inquam.
1874 1861 1927 1903 qui
1945 1872 2052 1903 repro-

411 1916 496 1945 misit
521 1915 592 1945 eis‘?
640 1916 754 1946 Nonne
780 1916 964 1957 unigenitus
988 1915 1081 1954 filius,
1108 1916 1162 1957 qui
1186 1916 1219 1946 in
1243 1920 1334 1956 patre
1360 1920 1407 1945 est
1432 1920 1463 1945 et
1486 1920 1578 1956 pater
1602 1915 1634 1945 in
1659 1914 1722 1945 eo?
1759 1915 1839 1945 Nisi
1859 1927 1911 1957 090
1936 1916 2052 1954 abiem),

280 1982 391 2004 ÷h.14.2s„
405 1970 585 2010 pao-aditus
609 1981 669 1999 non
696 1970 800 2000 reniet.
853 1969 927 2000 Cum
953 1969 1137 2010 adsumptus
1160 1970 1271 2011 fuero,
1296 1969 1413 1999 *mittmn
1446 1981 1511 1999 eccm
1540 1969 1633 1999 vobis.
1680 1967 1723 1998 Et
1746 1967 1840 1998 illud:
1873 1968 2053 1999 Paracletus

410 2029 508 2053 autem
536 2022 677 2064 Spe'rt'tzts
700 2029 834 2061 sanctus.
860 2035 945 2064 quem
972 2024 1068 2053 'mittet
1086 2029 1178 2063 pater
1204 2023 1234 2053 in
1261 2023 1382 2052 nomine
1406 2033 1481 2057 meo,
1508 2022 1561 2052 ille.
1588 2033 1638 2051 vos
1663 2022 1782 2052 docebit
1804 2022 1908 2052 omnia
1933 2028 1960 2052 et
1982 2033 2051 2063 suy-
2072 2035 2097 2053 35

408 2082 491 2115 fleret
530 2076 616 2105 vobis
655 2077 776 2111 amnia,
823 2087 1010 2116 quecumque
1057 2075 1166 2105 (lavero
1213 2075 1307 2105 vohis.
1372 2074 1477 2115 Saepe
1524 2074 1642 2104 etenim
1682 2086 1700 2104 a
1739 2073 1831 2104 nobis
1870 2074 2051 2115 nostrisque

411 2127 607 2158 maioribus1
632 2127 852 2158 indubitanter
877 2127 1047 2158 diffinitum
1073 2133 1120 2158 est
1153 2126 1382 2169 inseparabilia
1413 2138 1540 2168 semper
1570 2138 1640 2157 esse
1672 2138 1771 2168 opera
1801 2132 1932 2158 sanctae
1963 2127 2051 2157 trini-

410 2181 493 2211 tatis.
543 2180 578 2210 In
605 2192 641 2210 eo
667 2192 806 2222 namque
832 2180 970 2222 Spiritus
1002 2186 1130 2211 sanctus
1156 2192 1175 2211 a.
1198 2180 1262 2211 filio
1287 2179 1463 2222 procedere
1489 2180 1640 2217 ereditur,
1673 2180 1705 2210 in
1736 2192 1798 2222 quo
1824 2191 1843 2210 a
1865 2186 1955 2221 patre
1979 2190 2051 2221 pro-

412 2233 526 2263 cedere
552 2245 614 2263 non
641 2233 815 2264 dubitatur.
865 2233 929 2264 Sed
961 2233 1073 2264 melius
1098 2233 1158 2265 hoc
1184 2233 1364 2274 adprobare
1396 2233 1551 2272 valemus,
1584 2234 1610 2263 si
1635 2234 1680 2263 rei
1706 2238 1816 2274 gestae
1841 2233 1935 2267 actio,
1968 2244 2051 2274 quae

410 2297 468 2327 per
500 2286 659 2327 apostolos
692 2293 739 2317 est
771 2293 935 2325 exsecuta,
972 2287 1003 2316 in
1039 2286 1144 2317 medio
1181 2286 1374 2317 revolvatur.
1429 2286 1492 2316 Per
1526 2285 1713 2316 fidelissima
1748 2287 1867 2327 quippe
1899 2285 2050 2316 historiae
2070 2300 2096 2318 «ιο

410 2345 610 2379 argumenta,
643 2351 703 2380 quc
737 2345 827 2370 actus
852 2346 1056 2381 nuncupatur
1086 2339 1310 2381 apostolorum,
1342 2339 1432 2370 Luca
1456 2339 1656 2380 evangelista
1679 2344 1816 2369 testante
1842 2339 2050 2380 cognovimus

410 2391 617 2433 praedicante
644 2392 738 2422 Petro
771 2393 803 2422 in
829 2392 929 2423 Iudea
960 2393 1019 2423 tria
1052 2392 1118 2423 fere
1150 2392 1238 2423 milia
1269 2392 1467 2423 credentium
1505 2398 1684 2433 conpuncto
1722 2391 1817 2422 corde
1854 2391 1975 2422 dixisse
2011 2391 2051 2422 ad

517 2502 531 2522 3
552 2498 592 2530 ac]
612 2500 645 2523 ad
668 2500 692 2523 Γ.
758 2503 771 2523 fi
793 2499 915 2530 eundem]
939 2502 1031 2525 eodem
1054 2501 1078 2524 11
1145 2498 1323 2531 eundemque]
1344 2501 1494 2531 eodemque
1515 2500 1540 2523 Γ.
1604 2501 1617 2524 7
1638 2501 1785 2532 probantur
1806 2500 1830 2524 1⁷.
1890 2503 1905 2524 b*
1926 2498 2049 2530 Nicaeni]

411 2546 499 2574 ini-eui
523 2545 545 2567 Γ.
620 2546 634 2568 9
655 2545 777 2575 inquient
799 2545 822 2568 1'.
905 2546 935 2568 14
957 2543 1081 2575 Nicaeni]
1103 2546 1192 2575 inceni
1213 2545 1240 2569 Γ.
1319 2544 1450 2569 inviolata
1470 2544 1496 2567 V.
1579 2545 1609 2567 15
1630 2545 1818 2576 exponendum
1839 2545 1865 2568 Γ.
1941 2545 1971 2568 16
1991 2552 2049 2575 pro—

410 2589 523 2612 vedento
547 2589 570 2611 Γ.
635 2590 665 2612 19
686 2586 779 2620 patris]
800 2590 867 2620 patri
889 2589 913 2612 Γ.
978 2590 1009 2613 24
1032 2590 1192 2620 procedente
1214 2589 1239 2612 Γ.
1301 2589 1468 2620 promississe
1489 2589 1514 2611 Γ.
1578 2589 1717 2620 unigenito
1738 2589 1764 2612 Γ.
1825 2589 1856 2613 27
1877 2588 2002 2620 Philippo
2024 2589 2049 2611 Γ.
2070 2595 2096 2613 45

411 2634 443 2656 25
464 2637 596 2657 testantur
619 2633 643 2655 Γ.
717 2634 747 2657 31
771 2632 847 2662 Quis}
870 2634 921 2662 Qui
945 2633 968 2656 1⁷.
1044 2635 1076 2657 42
1098 2634 1245 2664 conpuncti
1265 2633 1290 2656 Γ.

522 2733 547 2765 ly
574 2732 668 2758 Allmli
690 2731 797 2759 videtur
821 2733 862 2759 ml
885 2732 1031 2760 vetustiora
1056 2732 1178 2767 symbola
1202 2732 1332 2759 ecclesiae
1356 2731 1554 2768 Aquileiensis;
1580 2742 1602 2758 r.
1629 2732 1662 2758 A.
1688 2732 1785 2765 Halm,
1812 2731 1977 2758 ‘Bibliothek
2000 2733 2050 2758 dm·

412 2785 537 2820 Symbole
561 2786 619 2811 ztnrl
643 2784 977 2812 G'la11henshek-eunmisse
1001 2785 1050 2811 der
1075 2786 1149 2812 allen
1174 2785 1293 2811 Kirclze’
1320 2785 1360 2811 ed.
1388 2786 1414 2811 3.
1436 2795 1466 2821 p.
1484 2786 1524 2813 42
1535 2796 1595 2821 sqq.
