2242 3085
238 1624 264 1644 cf.
271 1623 322 1644 Luc.
328 1624 358 1645 m,
365 1624 397 1643 20.

283 1774 309 1793 ef.
318 1774 397 1794 Mans.

303 1801 336 1824 23,
347 1801 378 1820 13.

279 2056 305 2075 cf.
315 2057 334 2075 2.
345 2056 399 2079 Reg,

312 2083 343 2106 16,
352 2083 371 2102 Β.

241 2110 397 2133 1.Paral,22,8,

415 136 478 165 340
831 137 881 163 39.
918 136 1134 163 CONCILIUM
1158 135 1484 167 AQUISGRANENSE
1509 134 1545 161 A.
1567 134 1641 161 816.

414 237 480 263 liter
510 236 625 270 rigidus.
658 236 705 269 qui
738 235 764 260 111
796 235 926 268 appetitu
957 234 1078 260 feminae
1111 234 1252 260 enerviter
1275 233 1368 259 fuerat
1391 233 1481 258 fluxus
1506 235 1545 264 et,
1578 232 1625 266 qui
1657 231 1734 258 malis
1765 235 1830 258 ante
1863 235 1979 258 noverat
2009 233 2055 266 pie

415 298 543 323 parcere,
568 289 594 314 in
618 289 753 314 bonorum
778 296 889 322 quoque
914 296 984 313 nece
1008 290 1071 321 post
1089 287 1185 313 didicit
1203 287 1262 312 sine
1280 285 1425 312 obstaculo
1442 285 1651 311 retractationis
1667 285 1810 311 anhelare.
1846 285 1926 311 Prius
1950 285 2055 319 quippe

416 342 499 368 ferire
525 341 731 376 depr-clicnsuni
756 343 964 375 persecutorem
989 340 1077 366 noluit
1103 343 1131 366 et
1155 343 1218 374 post
1243 348 1302 365 cum
1328 339 1428 364 damno
1452 339 1616 364 desudantis
1641 339 1780 365 exercitus
1809 338 1892 365 etiam
1923 339 2056 364 devotum

416 395 531 421 militem
556 394 683 420 extinxit.
732 394 822 424 Quem
846 393 973 426 profecto
998 393 1032 419 ab
1058 392 1210 418 electorum
1235 400 1350 417 numero
1375 391 1458 425 culpa
1481 391 1590 425 longius
1618 396 1743 425 raperet,
1774 391 1827 417 nisi
1850 391 1922 417 hunc
1947 391 1983 417 ad
2007 399 2055 417 ve-

415 449 487 474 niam
512 448 625 481 flagella
648 450 838 473 revocassent..
874 443 1062 480 Plerumquel
1089 446 1135 479 qui
1159 446 1252 471 subire
1277 445 1466 478 magisterium
1491 445 1632 478 pastorale
1650 444 1767 478 cupiunt
1786 444 1920 470 nonnulla
1943 452 2055 478 quoque

415 501 488 527 bona
511 509 597 534 opera
621 500 710 526 animo
734 503 911 533 proponunt3
938 502 967 525 et
992 499 1117 532 quamvis
1142 498 1192 523 hoc
1218 498 1346 524 elationis
1371 497 1528 523 intentione
1553 501 1701 531 appetant,
1726 501 1891 531 operaturos
1915 501 2009 523 tamen
2026 506 2056 524 se

416 562 516 588 magna
539 556 726 587 pertractant,
751 552 852 586 fitque,
877 556 908 578 ut
932 552 1006 577 aliud
1030 552 1057 577 in
1082 552 1142 577 imis
1166 551 1286 577 intentio
1310 551 1474 584 subprimat,
1508 550 1582 576 aliud
1607 551 1755 576 tractantis
1779 551 1869 576 animo
1893 549 2056 584 superficies

416 607 591 641 cogitationis
616 606 758 632 ostendat.
807 605 877 631 Nam
901 605 952 631 sibi
977 605 1038 639 ipsa
1062 605 1097 630 (10
1122 613 1152 631 se
1176 613 1253 630 mens
1278 613 1345 637 sepe
1366 604 1501 629 mentitur
1518 607 1545 629 ct
1564 602 1644 637 fingit
1660 612 1689 629 se
1708 604 1743 629 de
1761 604 1832 629 bono
1855 611 1941 637 opere
1964 611 2056 629 amare

417 660 490 693 quod
514 668 569 686 non
594 663 677 691 amat,
704 660 738 685 dc
763 659 858 684 mundi
882 662 976 684 autem
1000 658 1089 691 gloria
1112 667 1165 683 non
1191 666 1283 683 amare
1309 657 1382 690 quod
1407 661 1490 682 amat.
1528 656 1620 690 Saepe
1643 665 1720 683 mens
1745 656 1893 690 principari
1918 659 2056 690 appetens

416 712 446 738 fit
472 713 507 738 ad
530 713 582 738 hoc
607 713 719 746 pavida,
745 721 805 738 011111
831 711 951 745 quaerity
977 711 1078 742 audax,
1104 720 1165 736 cum
1190 710 1362 744 pervenerit.
1410 710 1545 735 Tendens
1571 710 1653 742 enim,
1678 718 1713 735 110
1737 718 1792 735 11011
1816 709 1974 743 perveniat,
1998 712 2056 735 tre-

416 766 504 800 pidat,
531 766 581 791 sed
606 770 725 800 repente
750 765 919 799 perveniens
944 765 1002 790 iure
1027 764 1079 790 sibi
1104 764 1154 789 hoc
1179 763 1316 791 debitum.
1347 764 1381 788 ad
1407 763 1481 797 quod
1506 763 1678 796 pervenerit,
1711 766 1809 796 putat;
1842 771 1959 796 cumque
1992 771 2056 796 per-

417 822 500 853 copto
524 819 697 853 principatus
722 818 813 843 officio
838 817 943 851 perfrui
969 817 1151 843 saeculariter
1175 816 1311 850 eoeperit,
1338 816 1458 842 libenter
1483 816 1655 841 obliviscitur
1679 815 1812 849 quicquid
1834 815 1964 849 religiose
1982 815 2056 849 cogi-

417 873 496 898 tavit.
534 872 658 899 Necesse
684 876 727 897 est
752 871 834 902 enim,
860 875 902 902 ut,
928 879 988 896 cum
1013 870 1146 903 cogitatio
1172 873 1251 895 extra
1274 878 1351 894 usum
1377 869 1497 900 ducitur,
1522 869 1649 902 protinus
1673 869 1773 894 mentis
1798 868 1894 894 oculus
1918 868 1953 894 ad
1972 876 2059 902 opera

418 929 561 951 transacta
585 928 743 951 revocetur.
769 933 800 950 ac
825 927 926 958 penset
951 924 1081 957 quisque,
1109 923 1174 956 quid
1199 922 1343 948 subiectus
1369 922 1468 956 egerit.
1506 922 1542 947 Et.
1559 926 1678 956 repente
1699 922 1851 956 cognoscit,
1876 921 1898 947 si
1914 921 2058 955 praelatus

417 979 490 1004 bona
514 988 609 1013 agerey
642 987 713 1011 quae
738 977 924 1011 proposuerit,
950 976 1048 1010 possit.
1097 975 1283 1009 Nequaquam
1307 975 1383 1000 valet
1408 975 1434 1000 in
1460 974 1578 1000 culmine
1602 975 1787 1000 humilitatem
1812 975 1919 1001 discere
1953 974 2000 1008 qui
2030 974 2058 999 111

417 1032 476 1058 imis
501 1032 608 1065 positus
633 1041 687 1056 non
713 1031 796 1057 desiit
821 1029 977 1063 superbire.
1025 1029 1123 1055 Nescit
1147 1028 1269 1060 laudem,
1302 1037 1363 1053 cum
1391 1027 1528 1061 suppetit,
1560 1027 1670 1061 fugere,
1703 1028 1750 1061 qui
1781 1028 1815 1053 ad
1846 1028 1917 1053 hanc
1948 1028 2056 1059 didicit,

417 1094 477 1110 cum
503 1085 626 1116 deesset,
653 1084 796 1109 anhelare.
834 1083 1019 1116 Nequaquam
1044 1082 1156 1108 vincere
1181 1081 1324 1107 avaritiam
1348 1084 1454 1115 potest,
1480 1080 1590 1114 quando
1608 1081 1641 1106 ad
1659 1080 1807 1106 multorum
1823 1081 2058 1107 sustentationem

417 1138 509 1163 tendit
534 1137 566 1165 is,
591 1137 634 1162 cui
659 1136 789 1162 sufficere
814 1136 927 1169 propria
950 1144 1002 1161 nec
1027 1135 1076 1160 soli
1102 1138 1267 1168 potuerunt.
1310 1134 1349 1159 Ex
1374 1139 1439 1160 ante
1465 1137 1529 1159 acta
1553 1142 1619 1167 ergo
1643 1134 1699 1159 vita
1724 1142 1753 1159 se
1778 1134 1898 1167 quisque
1922 1133 2056 1165 inveniat,

418 1199 452 1216 ne
478 1190 505 1216 in
530 1190 659 1224 appetitu
684 1199 713 1215 se
739 1189 864 1215 culminis
889 1189 978 1223 imago
1003 1188 1179 1222 cogitationis
1204 1187 1322 1213 inludat.
1371 1187 1540 1220 Plerumque
1574 1187 1600 1212 in
1625 1187 1808 1220 occupatione
1833 1187 1974 1221 regiminis
1997 1187 2057 1220 ipse

417 1252 530 1278 quoque
556 1244 621 1269 boni
645 1243 737 1277 operis
762 1252 827 1267 usus
851 1242 989 1276 perditur,
1015 1242 1062 1275 qui
1087 1241 1114 1266 in
1139 1240 1344 1275 tranquillitate
1369 1240 1532 1272 tenebatur⁷
1558 1240 1621 1274 quia
1645 1240 1742 1273 quieto
1766 1240 1832 1266 mari
1857 1243 1934 1265 recte
1959 1248 2058 1266 navem

418 1301 445 1322 et
471 1297 616 1331 imperitus
640 1299 727 1322 nauta
751 1296 855 1329 dirigit.
880 1295 1001 1321 turbatis
1025 1298 1120 1320 autem
1145 1297 1347 1328 tempestatum
1371 1293 1503 1319 fluctibus
1529 1293 1612 1319 etiam
1629 1293 1736 1327 peritus
1753 1302 1782 1319 se
1800 1296 1886 1319 nauta
1903 1292 2058 1319 confundit.

418 1349 492 1380 Quid
518 1353 561 1376 est
585 1353 712 1383 potestas
743 1349 868 1375 culminis
899 1349 950 1374 nisi
982 1351 1138 1382 tempestas
1163 1347 1274 1378 mcntis,
1306 1347 1334 1372 in
1365 1356 1419 1380 qua
1451 1347 1650 1380 cogitationum
1679 1355 1791 1380 semper
1821 1346 1952 1380 procellis
1980 1346 2059 1372 navis

418 1403 508 1429 cordis
534 1403 668 1437 quatitur,
700 1403 752 1428 huc
783 1402 906 1436 illucque
939 1402 1115 1428 incessanter
1145 1400 1307 1434 impellitur,
1340 1404 1372 1425 ut
1403 1409 1453 1433 per
1483 1400 1646 1433 repentinos
1680 1408 1810 1425 excessus
1834 1399 1887 1425 oris
1913 1403 1942 1425 et
1966 1399 2059 1433 operis

417 1457 497 1490 quasi
527 1465 578 1490 per
608 1456 752 1482 obviantia
782 1464 848 1481 saxa
879 1454 1046 1489 frangatur?
1093 1454 1172 1480 Inter
1195 1454 1275 1492 haecy
1308 1462 1380 1486 quae
1406 1452 1581 1487 protulimuS,
1614 1453 1681 1486 quid
1706 1453 1881 1486 sequendum
1907 1456 1960 1484 est,
1993 1452 2060 1486 quid

417 1510 582 1538 tenendum,
614 1509 667 1534 nisi
699 1512 730 1534 ut
761 1508 911 1534 virtutibus
936 1508 1045 1542 pollens
1070 1511 1183 1533 coactus
1208 1507 1244 1532 ad
1268 1507 1393 1541 regimen
1418 1507 1523 1538 veniat,
1555 1506 1704 1531 virtutibus
1735 1515 1839 1531 vacuus
1870 1515 1923 1532 nec
1947 1510 2060 1531 coactus

417 1564 557 1589 accedat?
601 1562 663 1589 Ille,
696 1563 716 1587 51
748 1562 858 1587 0111111110
882 1561 1022 1593 renititur,
1060 1564 1169 1588 caveat.
1202 1569 1237 1586 ne
1270 1563 1414 1593 acceptam
1446 1559 1594 1593 pecuniam
1626 1559 1652 1584 111
1684 1559 1795 1585 sudario
1827 1559 1915 1592 ligans
1940 1559 1974 1585 de
2001 1559 2059 1585 eius

417 1616 605 1642 occultatione
631 1615 778 1641 iudicetur.
822 1615 974 1641 Pecuniam
999 1614 1103 1648 quippe
1129 1614 1155 1639 in
1181 1613 1292 1639 sudario
1316 1613 1403 1647 ligare
1430 1616 1472 1638 cst
1496 1616 1633 1646 percepta
1658 1612 1730 1637 dona
1753 1612 1804 1637 sub
1829 1612 1884 1638 otio
1908 1612 1979 1638 lenti
2003 1616 2059 1638 tor-

417 1670 491 1704 poris
523 1669 707 1695 abscondere.
754 1668 888 1702 Indignus
920 1668 1036 1701 quique,
1073 1676 1134 1692 cum
1165 1667 1289 1701 regimen
1321 1666 1441 1700 appetit,
1473 1666 1619 1693 adtendat.
1652 1674 1686 1691 ne
1718 1674 1770 1699 per
1798 1665 1953 1699 exempliun
1983 1665 2061 1699 pravi

417 1723 508 1756 operis
532 1722 744 1747 Pharisaeorum
776 1730 850 1747 more
883 1721 917 1746 ad
948 1721 1102 1755 ingressum
1135 1720 1214 1754 regni
1245 1719 1429 1745 tendentibus
1460 1718 1633 1745 obstaculum
1665 1718 1725 1749 fiat,
1757 1718 1805 1752 qui
1836 1719 1913 1744 iuxta
1936 1719 2061 1753 magistri

416 1784 512 1801 vocem
544 1784 596 1801 1100
626 1775 678 1808 ipsi
711 1775 816 1799 intrant
847 1783 899 1799 nec.
932 1773 999 1799 alios
1031 1774 1134 1799 intrare.
1167 1773 1344 1807 permittunt.
1393 1772 1633 1798 Considerandum
1658 1780 1770 1805 quoque
1804 1776 1856 1804 est,
1891 1772 1966 1806 quia,
1999 1781 2060 1798 cum

417 1837 527 1854 causam
552 1828 648 1862 populi
674 1828 780 1853 electus
801 1827 913 1861 praesul
934 1827 1060 1860 suscipit,
1086 1827 1163 1860 quasi
1188 1826 1223 1851 ad
1247 1835 1361 1859 aegrum
1386 1826 1509 1851 medicus
1534 1825 1654 1851 aceedit.
1691 1824 1720 1850 Si
1745 1834 1811 1859 ergo
1835 1825 1924 1851 adhuc
1950 1825 2009 1851 eius
2033 1826 2061 1851 in

416 1890 502 1915 opere
527 1882 671 1915 passiones
696 1881 802 1909 vivunt,
830 1889 884 1914 qua
908 1880 1135 1914 praesumptione
1160 1888 1322 1913 percussum
1346 1879 1452 1904 mederi
1477 1882 1610 1912 properat
1631 1878 1722 1911 quiin
1740 1878 1810 1904 facie
1829 1878 1927 1903 vulnus
1943 1879 2059 1912 portat?

523 1947 597 1978 XV.
634 1947 803 1977 Isidori
836 1946 883 1977 de
909 1946 1111 1987 indignis
1136 1945 1426 1987 praepositis.
1474 1947 1558 1975 N0n2‘
1581 1952 1646 1974 sunt
1671 1949 1850 1982 promovendi
1875 1949 1909 1974 ad
1933 1949 2059 1983 regimen

419 2006 556 2031 ecclesiae
582 2005 629 2039 qui
654 2005 744 2030 adhuc
769 2005 843 2030 vitiis
869 2004 1025 2029 subiacent.
1073 2003 1146 2029 Hinc
1172 2006 1225 2034 est,
1251 2003 1324 2037 quod
1348 2006 1532 2036 praeceptum
1558 2006 1600 2028 est
1624 2002 1715 2027 David
1740 2010 1793 2028 11011
1819 2001 1967 2028 aedificare
1993 2002 2057 2028 visi-

417 2059 472 2084 bile
499 2059 643 2092 templum,
670 2058 735 2092 quia
759 2058 923 2090 sanguinum
949 2058 988 2082 vir
1012 2057 1078 2083 belli
1103 2056 1265 2090 frequentia
1290 2060 1375 2081 esset.
1413 2054 1476 2085 Qua
1500 2055 1589 2089 figura
1613 2055 1650 2081 ilii
1675 2055 1839 2089 spiritaliter
1856 2060 2058 2087 ammonentur,

418 2112 464 2145 qui
489 2112 579 2137 adhuc
605 2111 774 2145 corruptioni
799 2113 864 2136 sunt
889 2110 989 2141 dediti,
1018 2119 1052 2135 nc
1079 2110 1213 2143 templum
1238 2108 1400 2140 aedificent7
1426 2109 1475 2134 hoc
1502 2112 1543 2134 est
1570 2108 1717 2134 ecclesiam
1743 2109 1843 2134 docere
1868 2112 2058 2142 praesumant.

417 2165 478 2191 Non
505 2165 591 2191 debet
616 2164 726 2190 honoris
752 2165 884 2189 ducatum
909 2163 1051 2197 suscipere
1077 2163 1124 2196 qui
1148 2163 1237 2188 nescit
1262 2162 1403 2188 subiectos
1429 2162 1539 2187 tramite
1565 2162 1638 2187 vitae
1664 2161 1784 2188 melioris
1801 2162 1920 2195 praeire.
1958 2161 2058 2195 Neque

419 2218 490 2244 enim
515 2218 634 2251 quisque
659 2218 693 2243 ad
718 2217 769 2243 hoc
794 2216 966 2250 praeficitur,
998 2219 1028 2241 ut
1061 2216 1235 2241 subditorum
1266 2215 1362 2248 culpas
1387 2215 1516 2249 corrigat.
1551 2218 1579 2241 et
1605 2215 1665 2249 ipse
1689 2215 1764 2240 vitiis
1788 2215 1900 2241 serviat.
1950 2214 2004 2245 Qui
2028 2223 2057 2241 se

417 2271 561 2303 indignum
597 2271 631 2296 ad
669 2271 859 2304 episcopatum
897 2269 1035 2295 existimat
1071 2269 1161 2294 locum
1193 2269 1262 2300 01115,
1298 2268 1344 2302 qui
1375 2268 1476 2302 dignus
1509 2271 1562 2299 cst,
1593 2276 1647 2293 non
1678 2271 1847 2301 praesumat.
1902 2268 1971 2293 Nam
2002 2272 2059 2294 tam

418 2328 543 2349 sanctum
585 2327 628 2349 est
668 2323 816 2349 sacerdotii
856 2331 973 2354 nomen,
1013 2325 1043 2347 ut
1082 2321 1160 2347 nulla
1194 2322 1322 2347 vitiorum
1357 2324 1423 2347 nota
1457 2321 1588 2347 maculari
1624 2330 1653 2346 se
1690 2321 1772 2346 sinat.
1832 2321 1951 2347 Gravius
1987 2321 2060 2347 enim

524 2427 619 2450 XIIII.
652 2429 660 2449 1
685 2424 781 2456 fluxus]
805 2426 886 2449 tlexus
906 2425 938 2449 B.
958 2425 994 2449 M.
1066 2426 1080 2448 2
1101 2433 1194 2448 necem
1215 2425 1246 2448 B.
1312 2426 1327 2448 4
1348 2425 1477 2448 extincxit
1498 2424 1528 2447 B.
1592 2425 1607 2447 8
1627 2424 1745 2448 ostendit
1765 2424 1796 2447 B.
1856 2432 1920 2455 sepe
1939 2424 2004 2448 deest
2023 2424 2059 2448 JI.

420 2473 450 2495 13
471 2468 578 2502 oculus]
598 2471 634 2494 ita
654 2471 688 2496 M,
711 2470 804 2494 oculos
826 2470 856 2493 R.
876 2470 908 2493 L.
928 2470 959 2493 B.
1036 2471 1066 2493 14
1087 2467 1129 2499 ac]
1150 2478 1198 2493 aae
1219 2469 1250 2493 B.
1326 2470 1356 2493 17
1377 2469 1570 2492 sustentionem
1590 2468 1620 2492 L.
1688 2469 1719 2491 18
1738 2469 1863 2500 propriae
1884 2468 1914 2492 B.
1982 2469 2012 2492 19
2033 2469 2060 2491 in

418 2512 551 2547 appetitu]
573 2516 693 2546 appetitu
714 2515 742 2538 L.
764 2514 795 2538 B.
871 2515 899 2537 21
923 2517 1005 2537 nauta
1024 2514 1089 2537 deest
1109 2514 1139 2537 B.
1214 2514 1245 2537 25
1266 2510 1324 2543 nec]
1344 2521 1377 2536 ne
1398 2513 1427 2536 L.
1496 2513 1527 2536 27
1549 2513 1670 2536 Pecunia
1690 2512 1721 2536 B.
1741 2512 1771 2536 L.
1792 2512 1824 2536 B.
1895 2513 1928 2536 28
1948 2510 2059 2544 quique]

418 2561 463 2591 qui
484 2559 514 2588 L,
542 2560 657 2590 quicque
679 2559 710 2582 B.
784 2560 816 2582 29
838 2559 1026 2582 Phariseorum
1048 2558 1078 2581 R.
1153 2559 1181 2581 31
1205 2559 1230 2581 111
1251 2558 1315 2581 deest
1335 2557 1366 2580 B.

524 2612 581 2635 XV.
611 2613 643 2635 34
670 2611 771 2635 visibili
793 2611 824 2635 B.
916 2612 948 2635 35
975 2611 1138 2642 sanguinum
1165 2607 1214 2641 vir]
1242 2611 1282 2634 vir
1308 2611 1466 2641 sanguinum
1492 2610 1528 2633 Μ.
1621 2610 1653 2633 38
1681 2606 1741 2640 Qui]
1769 2618 1822 2633 11011
1845 2609 1903 2633 add.
1926 2609 1956 2633 R.
1976 2608 2006 2632 L.
2027 2608 2058 2632 B.

419 2658 451 2680 3ss
473 2654 570 2686 locum]
595 2656 683 2679 lucum
704 2656 735 2679 [ι’.

529 2746 556 2779 1)
584 2746 632 2773 Eae
658 2745 797 2782 Gregorio
824 2745 875 2778 M„
907 2745 1017 2782 Regula
1038 2748 1146 2778 pastor.
1174 2744 1193 2771 I
1212 2754 1233 2771 e.
1251 2746 1286 2777 9;
1319 2743 1391 2780 Opp.
1410 2744 1448 2777 II,
1473 2745 1543 2780 9sq.
1637 2743 1666 2775 2)
1692 2743 1826 2777 Isidorus,
1852 2742 2057 2771 Sententiarum

418 2799 461 2826 lib.
488 2799 539 2826 III
561 2809 582 2826 c.
601 2800 655 2832 34;
688 2798 760 2835 opp.
785 2798 831 2832 VI,
857 2799 917 2826 321.)
929 2808 969 2834 sq.

2078 717 2102 735 10

2078 981 2102 999 1⁵

2078 1246 2104 1264 20

2080 1778 2105 1796 30

2079 2060 2104 2078 35

2079 2325 2105 2343 40

2079 2615 2105 2634 45
