2242 3085
548 130 598 157 19.
638 129 858 157 CONCILIUM
882 130 1247 158 FRANCOFURTENSE
1275 133 1308 158 A.
1332 132 1404 159 794.
1731 131 1791 160 147

138 231 214 253 sunt.
263 227 365 262 Neque
391 236 457 254 vero
483 228 566 255 alium
590 228 684 255 Iesum
709 227 860 260 Christum,
886 227 969 254 alium
994 228 1109 254 verbum
1139 229 1266 257 dicimus,
1299 234 1328 255 ut
1358 240 1430 257 nora
1457 231 1564 257 heresis
1595 232 1790 264 calumniatur,

138 280 189 307 sed
215 281 335 307 eundem
360 283 389 306 et
413 284 480 307 ante
505 281 620 308 saecula
645 284 674 307 et
699 284 766 307 ante
791 281 923 307 mundum
949 284 977 307 et
1002 284 1065 315 post
1091 281 1218 315 Mariam,
1251 283 1331 309 immo
1357 292 1390 309 ex
1416 284 1514 317 Maria,
1546 293 1674 318 mag-num
1699 285 1791 311 Deum

137 333 322 368 appellamus,
347 334 516 361 salvatorem
539 338 663 360 nostrum
687 334 782 361 Iesum
808 333 959 366 Christum,
986 334 1033 368 qui
1058 334 1138 360 dedit
1163 335 1345 369 semetipsum
1370 346 1420 370 pro
1444 337 1535 363 nobis.

244 382 336 413 Haec
361 383 545 413 testimonia
568 382 641 413 ideo
666 383 843 424 posuimus,
868 387 903 413 ut
927 383 1131 424 cognoscatis
1152 383 1260 414 Deum
1282 389 1313 414 et
1331 384 1494 416 dominum
1519 392 1663 417 nostrum
1681 386 1787 417 Iesum

104 448 118 467 5
138 435 303 466 Christum
326 435 360 466 in
384 441 520 478 utraque
544 441 662 466 natura
686 447 756 466 esse
782 440 814 466 et
837 436 1039 477 unigenitum
1064 441 1096 466 et
1119 437 1381 478 primogenitum,
1412 449 1477 468 non
1501 439 1699 480 adoptivum,
1733 440 1789 470 sed

137 500 290 530 magnum
306 488 426 528 Deum,
450 500 511 520 nec
536 500 578 519 ex
603 500 639 520 eo
664 488 779 519 fratres
805 489 835 519 ei
860 489 1028 527 nominari,
1056 489 1139 520 sicut
1155 489 1305 520 Elvidius
1322 489 1535 532 blasphemat,
1562 492 1649 533 quod
1672 493 1789 534 primo-

136 542 264 583 genitus
290 547 347 581 est,
373 542 431 573 sed
455 553 496 573 ex
520 547 675 584 paternae
700 542 844 573 caritatis
869 542 997 573 affectu.
1034 542 1117 573 Nam
1135 548 1286 584 quattuor
1303 543 1406 574 modis
1424 544 1457 574 in
1477 544 1643 575 scribturis
1669 546 1788 576 sanctis

136 595 251 626 fratres
276 595 433 637 appellari
456 595 604 637 legimuS,
637 596 720 626 sicut
744 595 857 626 beatus
881 595 1111 627 Hieronimus1
1143 596 1175 626 in
1200 596 1308 627 libello
1335 602 1447 627 contra
1471 597 1598 628 eunden
1624 598 1788 629 Elvidium

135 653 280 687 testatur,
316 653 442 685 natura,
479 654 585 690 gente,
623 648 826 690 cognatione,
863 648 991 680 affectu.
1045 649 1179 689 Natura,
1216 656 1250 681 ut
1280 650 1369 681 Esau
1405 656 1436 681 et
1470 650 1580 687 Iacob,
1617 651 1788 682 duodecim

91 715 117 733 ιο
135 701 350 743 patriarchae,
375 701 526 732 Andreas
552 707 583 732 et
606 702 731 741 Petrus,
757 701 896 732 Iacobus
922 707 953 733 et
976 702 1148 734 Iohannes.
1188 702 1304 740 Gente,
1330 704 1407 745 quia
1431 715 1542 734 omnes
1567 704 1681 735 Iudaei
1706 705 1789 735 inter

135 766 169 785 se
194 755 309 786 fratres
333 754 544 794 vocabantur,
570 760 604 786 ut
628 755 661 785 in
685 755 957 786 Deuteronomio:
984 756 1024 787 St
1045 764 1144 787 autem
1171 758 1282 788 emeris
1299 758 1442 799 fratrem
1467 764 1561 791 taum.
1587 759 1645 799 qui
1666 765 1710 789 est
1724 758 1788 789 IJe-
1808 772 1958 796 Deut.15,12.

135 809 225 840 breus
251 809 300 839 vel
321 821 400 850 quae
417 816 460 840 est
476 809 632 847 Haebrea,
657 810 771 840 sera-iet
793 810 854 840 tibi
873 822 929 840 sex
951 810 1054 848 aunis,
1080 817 1107 841 et
1125 811 1155 840 in
1172 811 1301 852 septimo
1319 823 1400 841 anna
1419 811 1554 842 dimittes·
1571 823 1638 841 enm
1656 811 1788 842 liberum

135 862 190 893 ahs
214 869 250 901 te,
276 867 308 892 et
331 862 364 892 in
389 861 520 892 eodem:
557 861 776 893 Constituendo
801 864 948 893 constitue
979 875 1073 904 super
1104 870 1130 894 te
1157 865 1347 905 print-ilmm,
1380 876 1466 905 quem
1494 865 1620 906 ele-{Jurit
1643 864 1788 895 dominus
1808 879 1921 902 isium.

135 915 222 946 Deus
246 922 324 954 tuus,
350 928 427 955 eum,
453 916 512 957 qui
532 928 571 946 ea*
586 916 752 958 fratribus
776 917 838 946 tuis
861 917 903 947 sit
926 920 958 946 et
974 915 1109 957 reliqua.
1147 920 1323 955 Cognatione
1349 925 1444 947 autem
1468 921 1571 948 fratres
1588 925 1725 948 vocantur
1742 923 1788 956 qui

91 980 115 999 15
136 976 201 999 sunt
225 974 261 999 de
286 982 342 999 una
365 972 480 1005 familia,
508 973 580 999 sicut
604 973 679 999 Loth
703 973 792 999 frater
815 973 947 1000 Abrahae
973 974 1085 1004 dicitur,
1119 983 1179 1000 cum
1211 975 1245 1000 sit
1271 974 1344 1000 filius
1369 974 1463 1000 fratris
1487 975 1529 1000 sui
1553 975 1641 1007 Aran,
1673 976 1787 1002 dicente

136 1026 292 1053 Abraham:
319 1025 384 1053 Non
407 1026 444 1053 sit
465 1025 532 1053 νίκα
557 1026 630 1053 inter
653 1035 694 1053 me
718 1030 744 1052 et
766 1030 790 1053 te
814 1030 839 1053 et
861 1026 934 1053 inter
952 1031 1085 1062 pastores
1108 1037 1181 1054 meos
1205 1031 1230 1054 et
1249 1031 1380 1063 pastores
1405 1031 1473 1061 tuos,
1499 1027 1565 1064 quia
1590 1028 1713 1055 homines
1736 1038 1787 1055 nos
1807 1038 1935 1063 Gen.13,8.

129 1080 247 1114 fratres
269 1089 371 1106 sumus.
409 1078 472 1110 Qua
489 1082 553 1114 lege
572 1083 601 1107 et
622 1080 650 1106 in
668 1079 816 1114 evangelio
833 1080 935 1106 fratres
954 1081 1064 1106 Domini
1082 1081 1213 1107 dicuntur
1229 1081 1357 1110 Iacobus,
1382 1081 1466 1107 Iudas
1485 1085 1514 1108 et
1531 1081 1635 1108 Simon.
1671 1082 1788 1109 Affeetu

136 1142 247 1167 quoque
272 1133 374 1159 fratres
395 1133 536 1165 dicuntur,
561 1133 608 1167 qui
632 1133 659 1159 in
685 1134 739 1160 duo
764 1133 910 1166 scinditur,
936 1134 963 1159 in
983 1134 1110 1168 spiritale
1129 1135 1203 1160 etin
1220 1143 1376 1167 commune,
1398 1135 1427 1161 in
1443 1135 1580 1169 spiritale,
1607 1136 1673 1169 quia
1692 1144 1788 1162 omnes

135 1185 286 1212 Christiani
310 1186 412 1213 fratres
428 1190 574 1219 vocantur,
599 1190 630 1212 ut
654 1186 708 1213 ibi:
739 1186 811 1213 Ecce
827 1196 910 1223 quam
930 1186 1028 1214 bonum
1053 1191 1078 1213 et
1101 1197 1183 1223 quam
1202 1187 1348 1215 iocundam
1366 1188 1494 1215 habitare
1511 1188 1628 1223 fratres·
1648 1188 1676 1215 in
1692 1198 1786 1221 unum,
1808 1200 1927 1223 Ps,132,1.

88 1247 116 1266 20
136 1243 164 1266 et
189 1240 325 1266 salvator:
352 1239 488 1267 Narrabo
513 1249 612 1267 nomen
637 1243 710 1266 tuum
729 1239 877 1274 fratribus
900 1240 975 1273 meis,
1002 1244 1030 1267 et
1054 1241 1137 1267 alibi:
1171 1240 1256 1274 Vade,
1290 1240 1333 1268 dic
1354 1241 1502 1275 fratribus
1526 1241 1599 1269 meis.
1648 1242 1735 1268 Porro
1759 1242 1787 1268 in
1807 1244 1932 1289 illgh‘llggssfl

135 1302 289 1325 commune,
322 1294 388 1328 quia
418 1302 514 1320 omnes
545 1293 670 1320 homines
701 1303 735 1320 ex
758 1303 814 1320 uno
844 1298 925 1328 patre
951 1294 1010 1320 nati
1034 1295 1092 1328 pari
1118 1295 1305 1329 germanitate
1332 1295 1534 1330 coniungimur.
1582 1290 1646 1321 Hic
1672 1290 1786 1321 Hiero·
1850 1284 1898 1294 ἠ
1936 1287 1941 1291 ’

134 1342 240 1373 nimus
260 1341 339 1373 dicit
363 1342 482 1373 affectu
506 1342 620 1373 fratres
645 1353 716 1373 esse
734 1342 877 1381 Domini,
902 1354 967 1373 non
984 1342 1168 1385 adoptione,
1196 1342 1250 1373 ubi
1275 1343 1369 1374 dicit:
1396 1344 1545 1375 Narrabo
1570 1357 1677 1375 nomen
1703 1351 1788 1375 taam
1808 1357 1944 1381 Helm-„212

127 1396 294 1438 fratribus
317 1397 404 1434 meis,
430 1400 461 1426 et
484 1395 577 1426 item:
604 1396 659 1434 Ite,
685 1396 779 1427 dieite
796 1397 963 1438 fratribus
987 1398 1071 1427 meis.
1807 1410 1972 1434 Manassae.

242 1448 396 1490 Sequitur
420 1449 452 1479 in
476 1448 613 1491 epistola
634 1454 758 1480 vestra:
786 1453 970 1488 Karissimffi,
996 1464 1071 1481 nunc
1087 1453 1146 1492 filii
1162 1454 1218 1481 Dei
1240 1464 1341 1487 smnus,
1369 1459 1393 1481 et
1417 1455 1538 1481 nondum
1562 1455 1700 1491 apparuit
1722 1455 1791 1492 quid
1808 1465 1825 1484 1.
1836 1464 1940 1487 1012.3,2.

89 1514 115 1532 2²5
136 1506 245 1534 erimus.
284 1506 400 1540 Scimus,
426 1506 566 1543 quoniam,
593 1516 651 1533 cum
677 1506 854 1543 apparuerit,
879 1507 981 1534 similes
1005 1507 1030 1534 ei
1053 1507 1155 1534 erimus
1180 1511 1204 1534 et
1226 1507 1376 1534 vidnbinms
1401 1517 1470 1538 eum.
1495 1507 1576 1534 sicuti
1592 1512 1639 1535 est.
1676 1508 1787 1535 Similes

134 1560 233 1595 utique
258 1560 285 1586 in
310 1560 400 1586 carnis
425 1561 577 1595 adoptione
604 1564 632 1586 et
656 1569 711 1587 non
736 1560 840 1587 similes
866 1561 891 1587 ci
908 1561 935 1587 in
952 1561 1112 1587 divinitate.
1150 1556 1256 1586 Huius
1281 1567 1359 1587 vero
1385 1557 1563 1587 sententiae
1588 1557 1787 1588 intellectum

134 1608 229 1651 longe
254 1609 347 1640 aliter
371 1609 521 1640 catholici
545 1614 654 1651 patres
686 1614 916 1651 exposuerunt.
964 1610 1054 1641 Dicit
1085 1610 1170 1640 enim
1202 1615 1332 1640 sanctus
1356 1605 1559 1651 Augustinus
1590 1611 1623 1641 in
1653 1610 1788 1652 epistola

135 1661 177 1693 ad
200 1662 348 1693 Italicam
378 1663 555 1704 Virginem:
588 1667 619 1693 In
639 1665 771 1694 tantum3
796 1677 862 1702 ergo
886 1668 1053 1701 videbimus,
1085 1668 1113 1694 in
1138 1671 1272 1702 quantum
1298 1667 1401 1694 similes
1427 1668 1539 1700 erimus,
1572 1668 1637 1702 quia
1662 1672 1691 1695 et
1715 1678 1787 1694 nun(-

134 1720 163 1746 in
187 1723 296 1747 tantum
319 1729 375 1747 non
399 1721 535 1751 videmus,
562 1721 588 1746 in
609 1724 744 1755 quantum
762 1721 910 1747 dissimiles
935 1730 1039 1747 sumus.
1078 1721 1149 1747 Inde
1175 1721 1261 1755 igitur
1284 1721 1451 1749 videbimus,
1477 1722 1524 1747 ubi
1549 1722 1652 1748 similes
1677 1722 1787 1748 erimus

89 1781 116 1799 30
135 1773 204 1804 Quis
236 1777 331 1800 autem
362 1774 588 1801 dementissimus
620 1774 721 1800 dixerit
753 1783 869 1809 corpore
900 1783 950 1801 nos
983 1783 1045 1801 esse
1077 1774 1123 1801 vel
1156 1774 1260 1801 similes
1290 1775 1400 1801 futuros
1433 1784 1494 1801 esse
1520 1775 1604 1801 Deo?
1651 1775 1683 1801 In
1713 1776 1787 1802 inte-

134 1827 206 1853 riore
238 1827 324 1862 igitur
352 1827 462 1854 homine
494 1828 548 1854 ista
578 1827 729 1853 similitudo
755 1831 813 1860 est,
846 1828 893 1862 qui
923 1831 1077 1854 renovatur
1107 1829 1135 1854 in
1166 1828 1310 1862 agnitione
1343 1829 1397 1854 Dei
1429 1829 1582 1854 secundum
1615 1829 1787 1863 agnitionem

136 1880 206 1913 eius,
231 1881 279 1915 qui
303 1881 408 1907 creavit
434 1890 514 1914 eum,
541 1884 570 1907 et
593 1885 674 1907 tanto
699 1881 837 1907 efficimur
860 1881 1005 1908 similiores
1029 1881 1079 1914 illi,
1105 1885 1211 1916 quanto
1232 1882 1319 1916 magis
1336 1882 1363 1907 in
1382 1882 1441 1908 eius
1458 1882 1602 1916 agnitione
1621 1885 1651 1908 et
1667 1883 1785 1908 caritate

134 1933 303 1968 proficimus,
329 1935 404 1969 quia,
430 1935 483 1960 etsi
504 1935 626 1961 exterior
644 1935 724 1961 homo
748 1938 844 1961 noster
864 1935 1059 1969 corrumpitur,
1085 1935 1201 1961 interior
1225 1939 1320 1961 autem
1344 1938 1496 1961 renovatur
1520 1936 1555 1961 de
1576 1936 1622 1962 die
1646 1936 1674 1961 in
1695 1936 1785 1967 diem;
1807 1926 1924 1975 ezendum

134 1987 175 2013 ita
198 1996 276 2020 sane,
302 1991 334 2013 ut
357 1987 385 2014 in
409 1988 461 2014 hac
485 1988 553 2019 vita,
587 1992 830 2022 quantuscumque
861 1988 1007 2023 profectus
1032 1989 1077 2021 sit,
1111 1989 1194 2023 longe
1227 1988 1301 2014 absit
1326 1989 1360 2014 ab
1385 1989 1434 2015 illa
1456 1988 1633 2023 perfectione
1658 1989 1785 2015 similitu-

91 2046 118 2065 35
135 2041 216 2071 dinis,
243 2049 316 2075 quae
340 2041 443 2067 idonea
467 2041 522 2067 erit
545 2042 581 2067 ad
604 2041 757 2067 videndum
782 2042 885 2067 Deum.
926 2036 1013 2075 Quid
1037 2048 1114 2067 vero
1139 2037 1249 2068 David
1273 2038 1393 2079 putatis
1423 2037 1544 2068 dixisse
1569 2037 1609 2068 de
1634 2037 1786 2068 fratribus

136 2089 314 2131 adoptivis:
354 2090 449 2121 Umrit
476 2097 502 2121 te
526 2090 623 2129 Dens,
656 2090 742 2121 Dens
769 2097 838 2121 tuus
869 2091 934 2121 oleo
960 2091 1075 2122 letitiae
1104 2103 1184 2133 prae
1211 2092 1427 2133 participibus
1459 2092 1544 2122 tuis?
1596 2091 1669 2122 Non
1701 2091 1785 2121 enim
1806 2104 1913 2127 estut.

135 2141 250 2174 beatus
274 2143 485 2174 Hieronimus
518 2148 550 2174 et
581 2144 680 2174 ceteri
712 2149 843 2174 sanctae
876 2144 1053 2185 scripturae
1078 2148 1270 2175 tractatores
1295 2143 1378 2175 hanc
1403 2145 1684 2186 participationem
1710 2156 1786 2175 unc-

245 2298 254 2320 1
279 2294 354 2327 vero]
377 2305 469 2321 verum
492 2297 522 2321 R.
596 2298 611 2321 6
631 2297 728 2321 fratres
750 2295 784 2327 ei]
808 2298 832 2321 ei
852 2297 948 2321 fratres
969 2297 1000 2321 It
1065 2295 1198 2328 Elvidius]
1220 2297 1362 2321 Helvidius
1384 2297 1414 2321 11¹.
1480 2298 1493 2321 7
1516 2295 1557 2328 ex]
1579 2301 1604 2321 ct
1625 2297 1661 2322 M.
1727 2300 1741 2321 9
1762 2302 1788 2322 et

135 2342 199 2366 deest
220 2343 258 2368 M.
333 2343 365 2365 10
386 2339 492 2373 Iudaei]
513 2342 591 2366 Iudei
611 2342 643 2366 Ii.
723 2342 794 2365 inter
813 2350 840 2365 se
860 2338 966 2372 fratres]
986 2342 1081 2365 fratres
1101 2343 1172 2366 inter
1191 2350 1219 2366 se
1240 2342 1271 2366 Ic.
1355 2344 1383 2366 11
1406 2339 1583 2373 vocabantur]
1604 2346 1737 2366 vocantur
1757 2342 1787 2366 B.

90 2393 117 2411 40
139 2387 170 2410 12
191 2387 301 2410 lIebrca
321 2386 352 2410 It.
418 2387 449 2410 13
470 2384 615 2416 constitue]
636 2386 673 2410 ita
692 2388 728 2415 M,
750 2386 898 2410 constitues
919 2386 950 2410 B.
973 2386 1041 2418 Γαίῃ.
1110 2387 1140 2410 15
1162 2384 1298 2417 Abrahae]
1319 2387 1447 2410 Habrahe
1468 2386 1499 2410 115.
1562 2388 1593 2411 16
1613 2395 1662 2411 nos
1681 2385 1786 2417 fratres]

136 2431 233 2455 fratres
254 2439 302 2455 nos
321 2431 351 2455 Η.
418 2431 447 2456 17
470 2428 538 2462 Qua]
559 2432 622 2462 quia
639 2431 668 2454 H.
731 2431 833 2462 Symon
847 2430 879 2454 R.
943 2431 975 2455 25
996 2428 1132 2462 quoniam]
1152 2431 1188 2455 ita
1202 2429 1238 2455 Jl.
1256 2431 1333 2462 Γαίῃ..
1354 2432 1418 2462 quia
1433 2431 1463 2455 B.
1478 2431 1598 2463 IIispani.
1661 2432 1693 2455 28
1714 2431 1788 2455 Itali-

138 2472 205 2505 cam]
227 2475 390 2499 catholicam
412 2475 442 2499 R.
526 2476 560 2499 30
580 2483 692 2507 corpore
707 2488 740 2491 —-
755 2472 824 2506 Deo]
843 2475 879 2499 ita
899 2474 935 2505 Μ,
956 2483 1070 2507 corpore
1091 2483 1138 2499 nos
1159 2474 1200 2499 vel
1221 2484 1279 2500 esse
1300 2475 1342 2499 vel
1363 2476 1467 2500 futuros
1489 2484 1547 2499 csse
1568 2475 1668 2500 similes
1682 2476 1741 2500 Deo
1757 2476 1787 2500 lt.

138 2520 170 2544 32
192 2520 249 2544 cius
269 2520 334 2544 deest
353 2520 384 2543 R.
458 2521 491 2544 34
512 2517 690 2552 perfectione]
712 2520 879 2551 profectione
900 2520 936 2543 ΙΙΙ.
1010 2521 1042 2543 35
1065 2517 1146 2551 Quid]
1168 2520 1245 2549 Quod
1267 2520 1298 2543 R.
1372 2522 1404 2544 36
1425 2521 1502 2544 unxit
1520 2517 1557 2551 te]
1580 2521 1651 2544 uxitc
1673 2520 1703 2544 If.

250 2648 276 2679 l)
311 2647 360 2675 Eae
384 2647 551 2683 Hieronymi
581 2647 649 2675 libro
680 2647 816 2674 adversus
840 2646 998 2674 Helvidium
1027 2656 1063 2673 cc.
1086 2647 1132 2675 14.
1154 2648 1190 2675 15
1217 2644 1303 2683 (Opp.
1327 2647 1364 2681 II,
1389 2645 1584 2683 220—222)
1611 2647 1693 2674 rerba
1718 2648 1787 2673 Nam

92 2710 119 2729 45
139 2704 272 2734 quattuor
301 2701 391 2727 modis
422 2715 465 2719 -—
495 2701 628 2727 fratribus
654 2701 721 2727 meis
746 2700 843 2736 (infra
868 2701 886 2727 l.
909 2697 961 2736 23)
980 2700 1142 2737 flztaeerzmt,
1174 2710 1230 2727 non
1262 2704 1351 2727 aalma
1383 2701 1424 2727 acl
1445 2700 1555 2727 verbum
1580 2700 1710 2737 repetita,
1741 2700 1792 2726 ενι]

140 2753 269 2780 hincinde
300 2757 415 2781 mutata.
526 2753 556 2787 2)
583 2754 631 2788 (sss.
663 2763 752 2790 supra
780 2763 810 2790 p.
836 2754 892 2782 113
924 2754 941 2780 l.
966 2755 1008 2782 28
1024 2763 1065 2790 sq.
1167 2752 1197 2787 3)
1222 2753 1400 2791 Aztytcstinus,
1430 2753 1558 2789 Epistola
1582 2754 1622 2781 ad
1644 2753 1789 2786 [talu-(1111,-

141 2805 212 2843 slpp.
241 2806 277 2839 ΙῙ,
302 2807 374 2835 228.

1527 2864 1575 2889 19*
