2242 3085
465 135 546 166 VIII

464 233 521 268 hic
545 233 585 267 in
613 245 711 268 anno
742 234 829 268 695.
859 233 1007 269 desinit:
1032 235 1126 270 inter
1161 248 1276 270 annos
1304 235 1394 270 enim
1420 235 1507 269 695.
1528 241 1561 269 et
1582 235 1663 270 742.
1689 235 1844 270 eoncilia
1871 235 1910 270 in
1934 234 2110 280 Francia,

468 301 593 348 quoad
619 307 837 348 compertum
872 301 1050 347 habemus,
1088 309 1287 338 convocata
1322 316 1397 338 non
1424 309 1507 338 sunt
1531 315 1646 350 neque
1673 309 1755 338 acta
1782 303 1859 338 ulla
1886 303 1958 338 nisi
1983 304 2112 351 spuria

466 369 519 404 liis
547 369 763 416 temporibus
791 369 1050 406 adscribuntur
1069 384 1091 405 a
1120 370 1297 418 falsariis
1323 370 1592 414 recentioribus,
1621 371 1747 418 quibus
1764 371 1864 419 fides
1882 384 2038 419 prorsus
2065 378 2114 407 est

466 437 695 485 abneganda.
749 438 868 473 Huius
903 439 988 473 tomi
1016 452 1112 486 pars
1149 439 1265 474 altera
1294 439 1344 486 (p.
1365 440 1441 474 467
1454 439 1558 487 sqq.),
1595 445 1634 474 ut
1665 439 1796 475 dictum
1836 446 1886 475 est
1917 439 1993 474 iam
2021 440 2112 488 typis

467 518 634 553 eoepressa
670 506 727 541 vel
752 507 885 553 praelo
924 507 1071 551 tradita,
1112 513 1195 542 acta
1230 507 1422 555 synodalia
1458 506 1543 542 inde
1578 507 1623 542 ab
1661 520 1758 543 anno
1793 509 1881 543 819.
1917 521 2027 555 usque
2063 507 2114 543 acl

466 587 603 609 annum
633 575 720 609 842.
758 574 940 619 eoelzibebit,
978 574 1108 610 deinde
1139 581 1222 610 acta
1257 575 1386 622 spuria
1412 575 1564 610 saeculis
1591 581 1716 611 octavo
1745 582 1777 611 et
1802 589 1898 611 nono
1928 589 2037 623 usque
2065 575 2116 611 ad

467 655 605 678 annum
628 644 716 678 839.
742 643 938 690 adscripta,
966 643 1103 678 indices
1130 643 1284 691 denique
1309 644 1496 678 nominum
1524 650 1556 678 et
1581 656 1702 694 rerum
1723 644 1900 692 initiaque
1920 657 2111 679 canonum.

473 710 556 755 Qua
585 711 700 746 altera
719 718 831 758 parte
858 711 1022 746 absoluta
1040 718 1190 758 praesto
1219 718 1324 747 erunt
1348 712 1387 746 in
1406 711 1471 746 lzoc
1499 718 1590 747 tomo
1619 712 1743 746 omnia
1771 712 1927 747 concilia
1951 712 2113 760 9enuina

467 786 498 814 et
516 780 645 826 spuria
668 792 779 826 usque
798 779 849 815 ad
867 792 1003 815 annum
1024 781 1123 824 843„
1151 779 1192 815 id
1218 786 1268 815 est
1293 779 1345 815 ad
1366 779 1576 815 divisionem
1595 780 1740 827 imperii
1756 779 1986 815 Francorum
1997 787 2111 827 pacto

475 847 695 883 Virdunensi
728 848 976 893 constitutam,·
1010 848 1162 896 ea'cipiet
1195 861 1272 883 eum
1307 855 1419 883 tomus
1445 848 1521 883 III.
1558 848 1794 884 conciliorum
1828 848 1885 883 vel
1919 855 2031 884 tomus
2058 848 2111 883 II.

469 917 703 952 conciliorum
732 917 813 951 aevi
840 916 1022 957 Karolini,
1052 916 1095 951 cle
1123 929 1191 963 quo
1219 916 1324 951 bodie
1352 916 1496 964 quidem
1522 917 1578 952 nil
1603 917 1691 952 certi
1717 916 1899 964 affirmari
1925 916 2014 952 lieet.

569 985 679 1020 Multi
714 985 784 1020 viri
820 984 916 1020 docti
942 985 981 1019 in
1008 984 1228 1020 absolvenda
1255 984 1323 1019 liac
1345 985 1473 1032 prima
1500 991 1612 1032 parte
1644 998 1698 1020 me
1735 984 1972 1020 adiuverunt:
1999 997 2112 1032 prae-

459 1053 556 1101 fecti
582 1053 875 1089 bibliothecarum
906 1051 1220 1097 Germanicarum,
1258 1053 1320 1100 qui
1357 1053 1496 1088 codices
1524 1066 1634 1088 curae
1660 1066 1746 1088 suae
1775 1053 1975 1088 commissos
2001 1053 2113 1088 Bero-

470 1122 582 1157 lz'num
610 1122 894 1165 transmiserunt,
929 1121 1010 1156 item
1039 1120 1225 1168 praefecti
1252 1121 1546 1156 bibliothecarum
1576 1121 1803 1158 Gallicarum
1831 1127 1864 1156 et
1889 1121 2113 1164 Italicarum,

469 1191 532 1238 qui
566 1191 673 1225 annis
702 1191 815 1225 1899.
845 1196 877 1224 et
904 1190 1017 1224 1901.
1055 1189 1216 1224 benivole
1249 1202 1303 1223 me
1338 1196 1551 1236 receperunt
1586 1193 1633 1236 (v.
1667 1190 1773 1224 etiam
1808 1189 1938 1225 ‘Neues
1964 1189 2114 1224 Archiv'

468 1258 607 1302 XXVI,
639 1272 678 1306 p.
710 1259 756 1293 11
774 1271 849 1305 sqq.
879 1257 1040 1301 XXVII,
1069 1271 1112 1304 p.
1139 1259 1213 1292 567
1226 1258 1330 1305 sqq),
1368 1257 1498 1292 deinde
1532 1257 1595 1301 illi,
1633 1258 1695 1305 qui
1730 1258 1787 1293 vel
1822 1258 1932 1293 libros
1964 1258 2115 1305 scriptos

467 1328 701 1374 inspeasserunt
738 1333 803 1361 aut
834 1327 873 1361 in
908 1339 991 1361 usus
1017 1332 1158 1361 nostros
1194 1326 1468 1373 descripserunt,
1504 1338 1559 1360 vr.
1598 1325 1659 1360 dd.
1688 1325 1736 1361 H.
1765 1326 1833 1361 Bel
1858 1326 2114 1373 Illontispessu—

468 1396 583 1439 lanus,
618 1395 680 1430 Th.
708 1394 905 1442 Bitterauf
924 1394 1163 1438 Monacensis,
1195 1393 1236 1430 O.
1260 1392 1463 1430 Cartellieri
1482 1393 1801 1442 Heidelberyensis,
1838 1393 1890 1429 W
1911 1394 2116 1429 Hautlzaler

467 1463 767 1512 Salisburyensis,
810 1461 850 1499 O.
892 1476 963 1498 von
1003 1462 1236 1498 Hez'nemann
1275 1463 1306 1497 b.
1348 1476 1393 1497 m.
1436 1468 1468 1497 et
1509 1461 1551 1498 G.
1589 1461 1788 1498 Milclzsaclc
1830 1461 2114 1510 Guelferbytani,

471 1532 514 1569 G.
535 1532 652 1568 Meier
677 1531 944 1576 Einsiedlensis,
973 1531 1018 1566 E.
1041 1530 1633 1579 sslummenlzoff'Norinberqensis,
1661 1530 1710 1565 H.
1735 1529 1867 1566 Omont
1890 1530 2115 1574 Parisiensis,

469 1600 504 1637 J.
535 1600 713 1637 Schwalm.
741 1600 1097 1648 Hammaburqensis,
1126 1600 1177 1634 ΛΠ.
1212 1599 1330 1647 Tanyl
1355 1605 1386 1634 et
1411 1599 1456 1634 B.
1485 1598 1598 1634 Violet
1623 1598 1883 1634 Berolinenses.
1929 1599 2117 1634 Accedunt

468 1683 500 1705 v.
523 1670 563 1705 cl.
584 1669 623 1704 P.
644 1669 747 1704 Kelzr
773 1669 926 1704 instituti
951 1669 1111 1704 historici
1130 1668 1315 1703 Borussici
1341 1668 1381 1702 in
1406 1667 1494 1703 urbe
1512 1667 1632 1702 Roma
1658 1668 1870 1702 secretarius
1889 1667 2114 1714 praesidens,

471 1739 533 1786 qui
560 1744 687 1773 teoetum
718 1737 862 1772 concilii
889 1737 1049 1772 Romani
1076 1750 1174 1772 anno
1202 1737 1287 1772 761.
1318 1736 1486 1771 celebrati
1518 1742 1549 1771 et
1568 1736 1725 1783 paravit
1755 1742 1788 1771 et
1811 1735 1994 1771 nobiscum
2023 1748 2115 1770 com-

470 1807 678 1851 municavit,
714 1819 745 1841 v.
777 1806 810 1841 (l.
840 1806 891 1841 M.
920 1805 1126 1849 Krammer,
1161 1805 1223 1852 qui
1258 1817 1377 1840 omnes
1405 1803 1493 1851 fere
1512 1804 1688 1852 playuffls
1723 1804 1845 1839 sedulo
1865 1804 2114 1851 perlustravit,

468 1889 499 1910 v.
530 1875 570 1910 cl.
600 1875 648 1910 K.
678 1875 839 1918 Zeumer,
875 1875 938 1922 qui
974 1875 1013 1909 in
1047 1874 1253 1909 recensione
1289 1879 1321 1908 et
1354 1873 1609 1920 explanatione
1644 1873 1801 1907 omnium
1829 1872 1917 1919 fere
1953 1879 2112 1907 actorum

470 1957 608 1991 semper
625 1942 711 1991 fuit
736 1943 987 1991 sagacissimus
1015 1943 1238 1989 optimusque
1265 1941 1422 1977 adiutor.
1477 1941 1546 1976 His
1581 1941 1744 1976 omnibus
1771 1940 1908 1976 debitas
1936 1954 2003 1988 aqo
2030 1954 2114 1989 yra-

470 2013 559 2057 tias,·
588 2012 678 2059 quid
704 2025 824 2047 eorum
853 2013 1012 2047 comitati
1039 2011 1247 2058 auscilz'oque
1274 2010 1430 2054 debeam,
1457 2022 1653 2057 numquam
1684 2009 1886 2044 obliviscar.

571 2152 673 2188 Data
702 2152 866 2187 Berollni
893 2165 1008 2187 mense
1035 2151 1234 2187 ZVovembri
1262 2152 1374 2186 1906.

1396 2293 1642 2332 Albertus
1677 2290 2061 2341 Werminyhoff.
