2242 3085
115 717 142 735 10

117 984 142 1004 15

113 1250 141 1269 20

113 1519 140 1538 25

112 1785 140 1804 30

114 2051 141 2070 35

117 2318 143 2336 40

563 133 612 160 19.
650 133 865 160 CONCILIUM
890 133 1254 160 FRANCOFURTENSE
1279 134 1314 160 A.
1337 134 1410 162 794.
1756 132 1816 162 145

160 226 403 268 exemplaribus
429 238 525 268 quam
551 226 668 257 dubiis.
705 226 792 257 Ecce
810 226 954 268 pravitas
971 226 1058 256 omni
1074 226 1341 267 tergiversatione
1367 227 1515 267 deterior,
1542 240 1624 270 quae
1650 229 1696 259 sic
1721 240 1815 259 sanc-

161 284 265 311 torum
290 284 416 321 patrum
442 280 622 321 purissimis
648 278 795 310 sensibus
819 290 947 310 venena
971 290 1048 310 suae
1073 278 1214 309 infundit
1238 280 1403 321 perfidiae.

269 332 423 374 Sequitur
454 333 486 363 in
516 332 668 375 epistola:
702 334 795 363 Iteml
819 337 848 363 in
872 337 973 363 omelia
997 332 1100 362 sancti
1124 332 1298 373 Augustini
1329 339 1483 364 secundum
1507 340 1643 366 humanae
1668 340 1814 366 servitutis

160 391 277 417 formam
300 391 341 417 ita
365 391 449 416 dicit:
482 389 595 417 Homo'2
619 391 782 425 adoptatuS,
808 390 885 416 cuius
909 390 1025 424 gloriam
1050 390 1182 424 quesivit,
1209 391 1255 424 qui
1281 395 1324 416 cst
1349 392 1384 417 ab
1409 392 1455 418 illo
1475 393 1572 418 unicus
1597 396 1689 419 natus.
1738 394 1812 420 Ecce

162 453 245 479 quem
269 443 447 478 Augustinus
472 444 541 470 dicit
565 445 741 478 adoptatum,
774 443 846 469 hunc
870 443 1009 470 Iohannes
1034 443 1118 469 dicit:
1148 442 1320 470 Advocatum
1346 444 1475 471 habemus
1504 446 1584 481 (ψιιίί
1605 450 1727 481 patrem.
1776 442 1814 473 In

160 493 221 524 hoc
246 493 355 534 itaque
380 491 450 523 loco
479 493 674 534 ignoramus,
709 491 787 534 quid
810 492 898 533 prius
923 491 1084 533 agendum
1117 492 1166 531 sit,
1199 503 1240 522 an
1271 493 1413 533 pravitas·
1445 493 1632 535 repellenda
1662 495 1730 525 sive
1755 495 1812 525 im-

161 546 278 588 peritia
302 545 491 576 deridenda.
527 545 566 576 In
582 545 738 576 vicesima
763 550 856 575 sexta
881 545 997 576 omelia
1022 545 1053 575 in
1079 545 1281 586 expositione
1307 546 1375 576 eius
1400 547 1578 577 sententiae
1604 547 1731 588 legitur,
1757 547 1812 579 ubi

160 599 322 630 Dominus
347 598 446 629 dixit:
475 599 540 637 Qui
560 612 578 629 a
603 600 765 641 semetipso
791 599 930 640 loquitur
951 599 1089 641 ¹qloriam
1107 600 1277 640 propriam
1302 601 1412 640 querit.
1451 598 1515 630 Ubi
1541 605 1612 641 post
1636 612 1812 641 congruam

162 652 397 694 expositionem
422 652 535 683 infert:
563 654 660 687 Quid³
684 659 715 682 tu
735 657 815 683 homo
835 656 930 683 facere
952 657 1051 689 debes,
1078 656 1135 690 qui,
1154 656 1265 690 quando
1283 657 1389 690 aliquid
1406 657 1470 682 boni
1491 657 1570 689 facis,
1596 658 1710 692 gloriam
1735 662 1811 685 tuam

163 710 268 745 queriS‚
299 711 410 745 quando
435 714 530 736 autem
554 710 659 744 aliquid
684 710 749 736 mali
773 710 852 742 facis,
878 710 941 736 Deo
966 710 1118 736 calumnias
1141 709 1306 735 meditaris?
1361 710 1482 736 Intende
1508 711 1574 736 tibi:
1611 715 1741 737 creatura
1772 721 1811 744 es,

162 772 283 798 agnosce
307 767 479 796 creatorem3
506 772 602 790 servus
628 772 667 795 es,
693 773 728 790 ne
753 767 915 790 contemnas
941 763 1101 789 Dominum.
1149 763 1311 797 Adoptatus
1337 772 1376 795 es,
1402 764 1453 790 sed
1478 773 1531 789 non
1557 764 1673 791 meritis.
1716 764 1811 795 Quere

161 817 277 852 gloriam
302 817 372 849 eius,
398 826 413 843 a
433 826 487 851 quo
512 817 600 843 habes
624 817 695 843 hanc
719 817 848 851 gratiam,
874 817 953 843 homo
978 817 1141 851 adoptatus,
1167 816 1244 842 cuius
1268 816 1383 850 gloriam
1408 817 1540 851 quesivit,
1566 818 1614 851 qui
1639 821 1682 843 est
1707 818 1741 844 ab
1766 818 1812 844 illo

161 871 260 897 unicus
283 874 375 896 natus.
423 865 475 896 De
501 864 629 896 Christo
661 866 747 896 enim
776 865 859 896 dixit
888 866 1012 896 ‘unicus
1037 865 1157 899 natus’.
1190 864 1229 895 de
1263 864 1354 895 nobis
1380 877 1457 896 vero
1488 865 1592 896 ‘homo
1618 865 1812 908 adoptatus’.

163 918 270 958 Quam
294 918 501 961 adoptionem
526 919 718 961 pravissimo
744 930 840 949 sensu
865 919 920 960 qui
946 918 1075 949 scribsit
1100 918 1269 960 epistolam
1302 918 1343 949 ad
1367 918 1488 949 Christi
1512 919 1613 950 voluit
1637 920 1812 950 transferre

161 971 404 1004 humanitatem.
451 972 490 1003 In
523 983 587 1014 qua
618 972 832 1013 perversitate
865 983 977 1002 sensus
1008 977 1180 1013 utrumque
1212 978 1243 1002 et
1273 972 1435 1013 imperitia
1467 971 1636 1003 scribentis
1665 978 1754 1014 patet
1782 979 1814 1004 et

161 1025 247 1056 mala
270 1025 419 1056 voluntas
443 1037 507 1056 non
532 1025 619 1056 latet.
666 1025 775 1056 Etiam
801 1030 831 1056 et
855 1026 888 1056 in
912 1025 1059 1067 sequenti
1084 1036 1160 1056 mox
1185 1025 1345 1056 sententia
1370 1031 1401 1056 et
1424 1025 1547 1056 falsitas
1572 1025 1676 1057 malae
1701 1026 1812 1057 volun-

161 1079 235 1110 tatis
260 1085 405 1121 apparet,
430 1078 486 1109 ubi
511 1078 609 1110 dixit:
636 1081 732 1110 Eccel
759 1092 842 1118 quem
859 1084 1035 1118 Augustinus
1053 1084 1121 1109 dicit
1146 1083 1321 1117 adoptatum,
1347 1083 1486 1109 Iohannes
1508 1084 1652 1118 apostolus
1670 1085 1738 1110 dicit
1762 1085 1811 1110 ad-

160 1140 299 1164 vocatum.
348 1132 572 1163 Certissimum
604 1137 651 1163 est
684 1132 775 1173 enim}
799 1132 975 1163 Iohannem
1007 1131 1187 1174 apostolum
1213 1131 1376 1162 Christum
1408 1132 1603 1163 advocatum
1634 1134 1812 1173 nominare,

161 1186 244 1217 sicut
268 1186 336 1227 ipse
361 1190 512 1216 testatur:
538 1186 638 1228 Apud
656 1193 780 1228 patrem
805 1186 951 1217 habemus
975 1186 1158 1217 advocatum
1180 1185 1338 1216 clomsmaem
1366 1193 1499 1216 nostrum
1519 1186 1621 1217 Iesum
1644 1186 1811 1218 Christian.

160 1239 374 1281 Perspicuum
399 1250 527 1281 quoque
553 1244 601 1270 est
625 1244 773 1270 sanctum
798 1239 1014 1280 Augustinum
1041 1238 1079 1269 de
1098 1238 1226 1269 homine
1244 1238 1388 1280 quolibet
1413 1250 1471 1280 per
1494 1239 1631 1280 gratiam
1658 1239 1811 1281 adoptato

161 1290 280 1331 dicere,
306 1293 389 1323 sicut
414 1304 456 1323 ex
480 1292 650 1334 sequentia
675 1292 822 1323 lectionis
848 1292 1027 1323 certissime
1053 1292 1206 1333 cognosci
1230 1298 1345 1333 potest.

268 1345 422 1388 Sequitur
452 1346 485 1376 in
517 1345 631 1376 eodem
660 1345 768 1376 libello
799 1352 924 1376 vestro:
960 1348 1050 1377 [ῒριη4
1081 1358 1278 1384 praecessores
1309 1351 1396 1376 nostri
1427 1351 1581 1385 Eugenius,
1614 1351 1810 1384 Hildeffinsus,

159 1404 294 1432 Iulianus,
319 1404 476 1430 Toletanae
501 1404 576 1430 sedis
601 1404 753 1435 antistites,
786 1404 813 1429 in
842 1404 898 1429 suis
923 1404 1100 1438 dogmatibus
1124 1403 1164 1429 ita
1188 1403 1319 1429 dixerunt
1343 1404 1371 1429 in
1396 1404 1479 1430 missa
1503 1404 1537 1430 de
1570 1413 1657 1430 caena
1682 1405 1810 1431 Domini:

161 1456 215 1488 Qui
246 1466 298 1492 per
329 1458 454 1492 adoptivi
485 1457 602 1483 hominis
631 1457 798 1491 passionem,
828 1457 894 1483 (lum
919 1466 967 1483 suo
992 1466 1047 1483 non
1076 1456 1192 1483 indulsit
1223 1457 1348 1491 corpori:
1381 1453 1456 1483 item
1488 1458 1515 1483 in
1545 1458 1626 1483 missa
1651 1458 1686 1484 de
1712 1467 1810 1485 ascen-

159 1511 236 1537 sione
262 1511 389 1537 Domini:
416 1511 507 1537 Hodie
533 1513 656 1536 salvator
679 1514 777 1536 noster
800 1513 863 1544 post
888 1511 1068 1545 adoptionem
1093 1510 1182 1536 carnis
1207 1511 1304 1537 sedem
1329 1512 1465 1546 repetivit
1490 1512 1617 1545 deitatis,
1643 1513 1810 1548 et-eetera,

160 1571 243 1601 quae
261 1570 302 1590 ex
327 1564 497 1601 parentum
514 1564 694 1590 vestrorum
713 1559 807 1589 dictis
824 1559 988 1600 posuistis,
1009 1564 1044 1590 ut
1061 1559 1266 1590 manifestum
1285 1561 1334 1597 sit,
1353 1560 1465 1602 quales
1484 1560 1630 1592 habeatis
1648 1567 1810 1603 parentes,

159 1618 191 1643 et
215 1618 248 1643 ut
272 1618 382 1644 notum
414 1613 454 1643 sit
479 1611 637 1648 omnibus,
671 1612 756 1643 unde
788 1623 846 1643 vos
878 1612 986 1643 traditi
1011 1613 1079 1643 sitis
1104 1613 1137 1643 in
1162 1624 1275 1644 manus
1301 1613 1488 1644 infidelium.
1537 1614 1623 1653 Quia
1647 1614 1810 1646 hominem

159 1665 323 1697 Christum
340 1677 453 1696 verum
470 1665 535 1696 Dei
552 1666 651 1707 patris
672 1665 771 1696 filium
797 1676 867 1696 esse
892 1666 1045 1707 negastis,
1070 1665 1164 1697 vobis
1189 1666 1340 1697 defensor
1364 1678 1434 1697 esse
1460 1667 1570 1707 noluit,
1597 1667 1653 1698 sed
1678 1667 1812 1699 tradidit

158 1730 216 1750 vos
241 1720 274 1750 in
298 1730 412 1750 manus
436 1719 640 1750 inimicorum
666 1730 806 1757 snorum,
832 1724 866 1749 ut
890 1718 1096 1750 dominentur
1120 1720 1218 1750 vestri
1245 1721 1299 1761 qui
1324 1732 1396 1751 eum
1415 1721 1560 1762 recipere
1579 1720 1751 1752 noluerunt
1769 1727 1810 1761 et,

160 1773 211 1804 cui
243 1772 287 1803 illi
319 1772 449 1815 publice
482 1772 664 1811 detrahunt,
701 1784 758 1803 vos
790 1772 915 1803 occulte
947 1772 992 1802 illi
1023 1772 1195 1814 derogetis.
1250 1773 1318 1804 Nec
1355 1773 1439 1804 illius
1475 1775 1657 1805 testimonio
1690 1774 1811 1805 Christi

159 1826 293 1857 eredere
324 1825 421 1857 vultis
453 1825 493 1857 de
519 1837 552 1856 se
577 1826 647 1868 ipso
672 1825 827 1856 dicentis:
859 1826 954 1857 Patet·
978 1827 1121 1868 clarissim!
1140 1827 1249 1869 fllium
1274 1834 1369 1860 tumul,
1403 1835 1433 1857 nt
1449 1828 1543 1869 filius
1568 1835 1636 1859 tems
1660 1829 1813 1871 clai-{sicet

159 1887 194 1912 te.
242 1879 330 1910 Dum
363 1879 445 1910 dixit
474 1879 579 1919 ‘tuus',
611 1879 842 1921 proprietatem
874 1879 1022 1915 ostendit,
1055 1879 1155 1910 veluti
1188 1885 1219 1910 et
1249 1886 1342 1921 pater
1370 1881 1403 1910 in
1435 1880 1595 1922 baptismo
1628 1882 1810 1913 testimonio

160 1932 389 1975 conprobavit:
421 1933 486 1964 Hic
518 1940 561 1964 est
577 1934 671 1975 filius
695 1946 780 1964 meets
805 1933 944 1964 dilectus.
994 1932 1110 1963 ‘Meus'
1138 1932 1236 1973 dixit3
1269 1933 1394 1964 addidit
1423 1945 1551 1976 quoquc
1577 1934 1746 1975 ‘dilectus⁷,
1778 1940 1812 1966 ut

159 1986 403 2028 intellegeretur
427 1987 576 2028 proprius
602 1997 672 2017 csse
697 1986 791 2021 filius,
817 1986 900 2017 sicut
925 1985 1088 2028 apostolus
1113 1986 1211 2017 dixit:
1244 1987 1381 2029 Propria
1399 1988 1474 2030 filio
1498 2000 1553 2018 suo
1579 2000 1638 2019 non
1658 1990 1809 2030 pepercit.

160 2040 203 2071 Et
227 2039 340 2071 melius
372 2045 420 2070 est
444 2040 627 2070 testimonio
652 2039 717 2070 Dei
748 2040 847 2081 patris
879 2039 1012 2070 credere
1045 2039 1084 2070 de
1118 2051 1174 2070 suo
1199 2040 1264 2070 filio
1290 2051 1386 2082 quam
1411 2040 1588 2071 Hildifonsi
1614 2043 1723 2079 vestri,
1756 2043 1811 2083 qui

160 2093 241 2124 tales
266 2092 359 2124 vobis
384 2093 554 2135 conposuit
578 2104 692 2135 preces
724 2093 756 2123 in
781 2093 952 2123 missarum
976 2092 1161 2127 sollemniis,
1196 2093 1307 2135 quales
1339 2094 1530 2125 universalis
1556 2100 1586 2125 ct
1612 2100 1723 2126 sancta
1747 2095 1811 2125 Dei

161 2158 225 2177 non
249 2145 347 2177 habet
371 2146 519 2177 ecclesia.
567 2146 636 2177 Nec
668 2157 724 2177 vos
757 2147 789 2176 in
821 2145 882 2177 illis
914 2146 1063 2177 exaudiri
1094 2152 1253 2188 putamus.
1302 2147 1344 2178 Et
1370 2148 1396 2178 si
1421 2147 1623 2178 Hildifonsus
1648 2154 1756 2179 vester
1779 2149 1813 2179 in

162 2199 360 2231 orationibus
382 2200 447 2230 suis
466 2198 630 2230 Christum
647 2199 835 2241 adoptivum
852 2200 1040 2235 nominavit,
1059 2205 1168 2230 noster
1183 2211 1260 2231 vero
1279 2201 1466 2242 Gregorius,
1485 2201 1631 2242 pontifex
1648 2201 1812 2233 Romanae

163 2253 248 2284 sedis
281 2259 311 2284 et
344 2252 540 2284 clarissimus
572 2257 638 2283 toto
671 2252 748 2283 orbe
781 2252 902 2289 doctor,
939 2253 970 2283 in
1007 2254 1072 2283 suis
1104 2253 1304 2284 orationibus
1341 2265 1467 2295 semper
1503 2266 1576 2285 eum
1612 2255 1813 2296 unigenitum

163 2307 330 2337 nominare
362 2318 425 2336 non
459 2305 629 2337 dubitavit.
677 2306 714 2336 In
747 2307 891 2337 oratione
924 2307 1018 2338 enim.
1052 2318 1134 2348 quac
1167 2313 1215 2337 cst
1246 2307 1389 2338 secunda
1414 2308 1494 2338 foria
1520 2313 1590 2349 post
1616 2308 1744 2339 Palmas
1769 2309 1814 2339 ita.

272 2453 286 2477 8
307 2452 421 2485 gloriani
442 2451 587 2484 propriam]
608 2453 742 2484 propriam
763 2452 875 2484 gloriam
897 2453 928 2476 If.
1022 2454 1053 2476 13
1074 2453 1138 2476 dicit
1162 2453 1190 2476 lt.
1277 2454 1355 2477 homo
1375 2454 1440 2477 dee-«t
1459 2454 1491 2478 B.
1579 2455 1609 2477 15
1631 2453 1813 2485 perversitatel

164 2497 291 2529 persitate
312 2496 343 2521 B.
420 2498 450 2520 16
471 2505 532 2521 mox
552 2497 686 2520 sententia
708 2494 742 2527 et]
763 2498 895 2521 sententia
918 2501 942 2520 ct
963 2506 1022 2521 mox
1046 2497 1075 2521 II.
1152 2499 1182 2522 17
1204 2495 1292 2529 quem]
1315 2506 1393 2529 quam
1416 2498 1446 2522 Ii'.
1517 2499 1675 2530 adoptatum
1697 2511 1727 2514 —
1750 2499 1815 2522 dicit

164 2541 253 2565 desunt
274 2541 303 2565 R.
362 2542 392 2565 18
414 2538 563 2571 nominare]
586 2542 693 2565 nomine
714 2540 750 2565 Μ,
807 2542 945 2565 nominare
966 2555 999 2557 --
1020 2542 1181 2566 advocatum
1201 2542 1290 2566 desum
1309 2542 1340 2566 [ι’.
1398 2544 1430 2567 23
1451 2540 1611 2573 Tou—tanae]
1631 2542 1762 2567 Toletano
1787 2543 1814 2566 lt.

165 2586 198 2610 25
219 2589 310 2610 noster
329 2585 394 2610 dees!
414 2585 449 2609 ΙΙΙ.
515 2587 547 2609 29
569 2586 738 2610 «inminenter
761 2586 789 2609 lt.
855 2587 887 2608 30
908 2587 1062 2610 testimonio
1084 2584 1190 2616 Phi-isti}
1213 2586 1310 2610 Christi
1331 2588 1483 2611 tostimonio
1508 2587 1536 2610 [ι’.
1600 2589 1629 2610 31
1653 2597 1680 2610 se
1700 2588 1763 2611 alvos!
1787 2588 1814 2610 Ιι’.

113 2637 146 2655 45
167 2631 199 2655 38
220 2631 340 2654 Romane
362 2630 392 2654 H.
467 2631 499 2653 39
520 2630 577 2654 orbi
599 2630 635 2654 ils.
659 2630 687 2653 ll.

278 2758 304 2790 l)
333 2756 380 2791 Cf.
405 2767 494 2793 supra
520 2767 551 2794 p.
578 2757 633 2785 113
665 2758 682 2784 l.
708 2759 814 2785 2—5.
901 2757 930 2784 2)
957 2757 1136 2794 Anyustimts,
1168 2758 1316 2785 Tractatns
1343 2758 1370 2784 ιἰι
1397 2768 1495 2795 evan-rs.
1522 2758 1657 2785 Iohannis
1682 2757 1823 2784 XXVIII

165 2806 190 2847 ,ξ’
209 2812 245 2843 sm·
272 2811 343 2846 opp.
364 2809 419 2843 111,
443 2812 472 2843 2,
497 2811 565 2837 516.
663 2810 691 2835 31
720 2810 835 2837 [bidan.
930 2810 959 2842 4)
987 2810 1034 2845 cf.
1059 2820 1148 2846 snpra
1168 2820 1199 2846 p.
1221 2812 1273 2839 113
1298 2812 1313 2837 J.
1337 2812 1468 2840 10—16.

222 2868 264 2888 LL.
284 2867 381 2886 concilia
398 2867 426 2886 11.
1574 2873 1602 2894 Η,

1834 455 1852 473 ι,
1863 454 1969 478 1011.2,1‚

1834 614 1907 637 iubs,
1918 614 1949 633 18.

1833 1199 1934 1222 1,10n.2‚
1944 1200 1964 1220 1.

1832 1839 1878 1858 Ioh,
1890 1839 1949 1862 121.

1831 1946 1909 1967 Matth,
1917 1946 1936 1968 3,
1947 1946 1980 1965 Χῖ.

1831 2000 1893 2019 Rom.
1902 2000 1922 2023 Β,
1931 2000 1964 2019 32.
