2242 3085
623 147 652 175 5.
688 147 905 175 CONCILIUM
931 148 1128 176 ROMANUM
1152 150 1187 175 A.
1211 150 1282 177 745.
1733 147 1773 175 39

130 242 183 274 fici
209 242 351 273 solebam
375 241 531 281 indicare,
564 246 598 272 ut
628 242 659 272 in
691 241 762 271 letis
787 241 880 272 simul
904 241 1109 272 laudaremus
1134 242 1241 272 Deum
1267 248 1298 273 ct
1322 243 1354 273 in
1379 242 1522 274 tristibus
1549 244 1616 274 eius
1641 243 1774 274 consilio

130 295 310 327 roborarer.
347 295 396 326 Ita
421 300 452 325 et
475 305 560 325 nunc
585 294 663 325 mihi
688 293 780 325 vobis
805 294 908 324 liceat.
946 294 1063 325 Pietati
1089 301 1216 325 vestrae
1242 295 1398 336 supplico,
1425 297 1506 326 sieut
1531 297 1685 338 scriptum
1711 302 1774 327 est:

132 349 293 391 Iacet-roffi]
312 355 436 390 patrem
463 355 556 386 tltlmz,
582 355 609 378 et
632 348 833 378 adnuntiabit
856 348 931 386 tibi,-
954 349 1090 378 xenz'O'ws
1115 355 1190 386 tuos,
1217 355 1243 379 ef
1267 348 1369 379 (licent
1393 350 1458 379 riht.
1796 363 1928 386 Deumzt.

237 401 355 432 Notum
381 402 466 431 enim
491 401 531 431 sit
555 401 741 442 paternitati
773 406 911 439 vestrae,
944 401 1029 442 quia,
1061 406 1231 442 postquam
1262 400 1394 442 indigno
1428 402 1504 432 mihi
1536 402 1711 433 mandastis
1744 404 1775 433 in

99 469 111 487 5
131 455 299 497 provincia
323 454 532 493 Francorum,
559 454 640 484 sicut
665 458 696 484 et
720 454 781 495 ipsi
806 458 1011 495 rogaverunt,
1037 453 1231 484 sacerdotali
1249 454 1384 484 concilio
1403 461 1433 484 ct
1451 455 1585 485 sinodali
1604 457 1775 486 conventui

132 518 294 550 praeesse,
320 507 435 537 multas
460 507 593 537 iniurias
619 513 650 536 et
674 508 913 548 persecutiones
939 518 1052 548 passus
1078 518 1157 545 sum,
1189 507 1330 537 maxime
1363 518 1491 548 semper
1516 519 1534 538 a
1558 508 1645 538 falsis
1672 520 1774 539 saecr-

132 560 270 599 dotibus,
296 559 336 591 ab
362 559 550 590 adulteratis
575 558 762 601 presbiteris
787 571 843 590 scu
869 559 1058 590 diaconibus
1084 566 1115 590 et
1139 560 1320 590 fornicariis
1346 560 1481 591 clericis.

237 613 399 644 Maximus
431 618 538 643 tamen
570 612 647 643 mihi
678 612 769 643 labor
799 612 858 643 fuit
891 618 1002 643 contra
1033 613 1113 643 duos
1144 613 1304 644 hereticos
1336 614 1491 654 pessimos
1520 619 1551 643 et
1575 613 1719 655 publicos
1746 622 1776 645 et

131 666 334 709 blasphemos
367 672 479 696 contra
503 665 610 696 Deum
644 671 674 696 et
706 671 818 696 contra
850 665 1041 696 catholicam
1072 666 1178 697 fidem.
1229 666 1329 705 Unus,
1363 667 1417 708 qui
1449 666 1566 697 dicitur
1589 666 1775 707 Eldebertl,

86 735 110 754 10
130 721 258 751 natione
291 720 418 761 generis
451 718 564 750 Gallus
596 724 652 757 est,
685 719 775 757 alter,
808 719 862 760 qui
895 718 1013 749 dicitur
1045 718 1194 750 Clemens
1207 723 1226 757 2,
1259 730 1377 760 genere
1411 719 1538 750 Scottus
1569 725 1631 759 est3
1669 722 1775 761 specie

131 774 247 804 erroris
273 772 402 811 diversi,
435 772 492 802 scd
523 772 666 814 pondere
698 778 906 814 peccatorum
932 783 1099 813 conpares.
1148 772 1268 803 Contra
1293 773 1381 812 istos,
1408 772 1541 803 obsecro
1567 773 1775 814 apostolicam

131 827 356 858 auctoritatem
379 831 531 864 vestram,
564 825 650 867 quod
674 836 778 856 meam
804 825 1058 856 mediocritatem
1084 825 1258 856 defendere
1285 832 1316 856 et
1340 826 1493 856 adiuvare
1520 832 1550 856 et
1574 837 1632 867 per
1657 827 1776 868 scripta

130 884 237 910 vestra
261 879 413 921 populum
438 879 639 909 Francorum
664 884 695 909 et
720 877 886 909 Gallorum
912 880 1073 919 corrigere
1100 879 1265 915 studeatis,
1298 886 1332 909 ut
1357 879 1571 909 hereticorum
1596 879 1721 910 fabulas
1747 886 1777 910 et

130 944 215 964 vana
238 932 387 974 prodigia
412 937 442 962 et
467 932 559 972 signa
591 932 790 973 precursoris
822 932 984 962 antikristi
1016 943 1079 963 non
1104 937 1277 971 sectantur,
1310 932 1367 962 sed
1399 933 1439 962 ad
1471 933 1627 963 canonica
1652 933 1721 963 iura
1747 938 1777 963 et

86 1001 110 1019 15
131 986 171 1017 ad
195 986 281 1016 viam
310 996 407 1016 verae
441 985 606 1015 doctrinae
639 990 878 1023 convertantur,
912 991 941 1015 et
974 991 1007 1016 ut
1037 996 1095 1026 pcr
1126 985 1261 1016 verbum
1293 991 1434 1016 vestrum
1466 986 1518 1016 isti
1549 985 1683 1016 heretici
1715 986 1776 1016 duo

131 1040 297 1070 mittantur
322 1040 353 1069 in
379 1049 553 1071 carcerem,
580 1039 605 1068 si
630 1038 722 1068 vobis
747 1039 864 1069 iustum
891 1049 961 1068 esse
987 1038 1144 1075 videatur,
1170 1050 1243 1069 cum
1268 1040 1367 1069 vitam
1393 1044 1423 1069 et
1448 1039 1627 1069 d‹⁷›ctrinam
1652 1039 1777 1069 illorum

131 1092 223 1123 vobis
259 1093 461 1122 intimavero.
516 1091 558 1121 Et
589 1091 694 1121 nullus
733 1103 805 1122 cum
843 1092 888 1121 eis
920 1091 1069 1133 loquatur
1100 1099 1153 1122 aut
1186 1093 1443 1122 communionem
1469 1092 1595 1131 habeat,
1628 1104 1667 1122 ne
1696 1093 1776 1123 forte

131 1146 287 1176 fermento
313 1145 457 1176 doctrine
482 1144 607 1175 illorum
633 1144 843 1175 fermentatus
868 1145 983 1186 aliquis
1008 1151 1135 1186 pereat:
1162 1145 1219 1175 sed
1244 1146 1405 1186 segregati
1430 1146 1541 1176 vivant
1566 1165 1607 1168 —-
1633 1151 1663 1176 et
1688 1146 1779 1176 iuxta

133 1199 254 1230 dietum
279 1197 414 1240 apostoli
440 1198 623 1229 lammemndz'
652 1198 767 1229 traditi
794 1206 900 1229 satane
935 1200 963 1229 [n
999 1200 1153 1229 futes-[tum
1187 1200 1303 1233 carm's,
1338 1207 1367 1229 at
1397 1200 1529 1240 spiritus
1552 1200 1658 1229 salvus
1682 1201 1723 1229 se'f
1748 1201 1777 1229 e'n
1799 1213 1932 1236 1‚c0r.5,5.

87 1270 112 1288 20
133 1253 183 1283 die
202 1253 342 1291 Domini,
369 1258 398 1282 ct
416 1252 506 1281 iuxta
524 1251 747 1292 evangelicum
766 1258 985 1293 praeceptum,
1014 1252 1085 1282 (lum
1112 1253 1292 1283 aecclesiam
1321 1266 1377 1282 mm
1403 1253 1581 1291 maliet-nat,
1606 1254 1668 1282 s—z‘nt
1692 1254 1779 1283 nohis
1799 1266 1956 1289 naaman,

131 1307 211 1336 sient
241 1306 379 1336 aethnici
408 1312 435 1335 et
456 1305 629 1347 publicani
651 1324 693 1326 —
722 1304 824 1335 donec
857 1304 983 1335 discant
1015 1316 1078 1335 non
1110 1304 1335 1346 blasphemare
1368 1316 1427 1336 nec
1459 1305 1606 1335 scindere
1638 1306 1778 1335 tonicam
1799 1311 1921 1355 (tuffam-

133 1358 262 1389 Christi.
317 1358 454 1400 Propter
490 1358 566 1388 istos
599 1358 684 1388 enim
715 1358 957 1399 persecutiones
990 1363 1021 1388 et
1051 1358 1236 1388 inimicitias
1268 1363 1299 1389 et
1332 1357 1574 1388 maledictiones
1606 1358 1777 1389 multorum
1894 1354 1897 1357 ¹

132 1411 322 1453 populorum
348 1411 462 1453 patior,
488 1416 519 1441 et
544 1410 703 1441 aecclesia
728 1410 847 1441 Christi
872 1410 1137 1452 impedimentum
1162 1411 1237 1442 fidei
1270 1417 1301 1442 ct
1329 1411 1494 1442 doctrinae
1520 1418 1606 1441 recte
1632 1413 1776 1443 sustinet.

238 1464 361 1495 Dicunt
385 1465 469 1495 enim
495 1464 534 1494 de
559 1463 766 1502 Aldebercto,
800 1464 884 1505 quod
918 1465 963 1495 eis
996 1465 1233 1495 sanctissimum
1265 1465 1445 1506 apostolum
1477 1464 1690 1503 abstulissem,
1723 1476 1776 1506 pa-

86 1536 111 1554 25
132 1524 258 1549 tronum
290 1523 320 1548 et
350 1523 508 1548 oratorem
541 1523 572 1548 et
596 1518 748 1547 virtutum
774 1517 927 1548 factorem
955 1523 985 1548 et
1010 1518 1174 1559 signorum
1199 1523 1397 1548 ostensorem
1422 1517 1664 1548 abstraxissem.
1713 1518 1778 1549 Sed

132 1572 235 1613 pietas
260 1576 368 1602 vestra
393 1570 527 1601 audiens
559 1571 659 1601 vitam
692 1571 760 1601 eius
785 1569 907 1601 iudicet
930 1582 970 1601 ex
995 1571 1111 1610 fructu,
1144 1576 1248 1601 utrum
1274 1572 1474 1602 vestimentis
1503 1572 1611 1601 ovium
1636 1571 1776 1609 indutus,
1798 1577 1940 1622 οἱΜῗζῑὶι-Ί,

131 1625 215 1655 intus
251 1630 357 1655 autem
394 1623 487 1665 lupus
519 1635 621 1665 rapax
653 1623 766 1654 fuisset
798 1635 839 1654 an
869 1635 943 1654 non.
998 1624 1035 1654 In
1070 1625 1217 1666 primeva
1253 1625 1337 1655 enim
1375 1629 1479 1655 aetate
1515 1624 1683 1666 ypochrita
1718 1625 1777 1655 fuit
1868 1616 1886 1623 Η

131 1678 242 1708 dicens
285 1677 371 1719 quod
402 1676 464 1707 sibi
496 1677 629 1718 angelus
654 1676 787 1707 Domini
818 1677 851 1707 in
883 1678 990 1718 specie
1015 1677 1151 1708 hominis
1177 1677 1216 1708 de
1242 1678 1394 1708 extremis
1420 1677 1536 1708 tinibus
1561 1678 1671 1708 mundi
1696 1679 1776 1708 mire

246 1703 252 1718 5

132 1736 163 1762 et
187 1736 294 1762 tamen
319 1731 440 1761 incerte
466 1731 645 1761 sanctitatis
670 1730 822 1771 reliquias
849 1730 1017 1769 attulisset,
1044 1736 1075 1761 et
1099 1730 1217 1761 exinde
1236 1731 1393 1772 potuisset
1410 1731 1527 1769 omnia,
1553 1742 1775 1772 quaecumque

85 1801 111 1821 30
131 1789 332 1826 poposceret,
359 1795 377 1814 a
400 1783 472 1814 Deo
498 1784 680 1825 impetrare.
717 1784 760 1814 Et
785 1789 860 1814 tunc
887 1783 1014 1814 demum
1040 1796 1098 1825 per
1122 1784 1209 1814 illam
1235 1784 1480 1822 simulationem,
1507 1785 1589 1814 sicut
1613 1784 1776 1826 apostolus

130 1837 250 1868 Paulus
286 1837 459 1879 praedixit,
493 1838 669 1879 penetravit
703 1838 866 1868 multos-nm
906 1837 1011 1868 domas
1045 1845 1072 1868 et
1106 1839 1247 1879 captz'ras
1283 1838 1373 1868 decrit.
1400 1845 1476 1879 post
1509 1850 1539 1868 se
1575 1838 1776 1868 'uzalim-«alas
1797 1851 1931 1876 :primas

132 1898 274 1922 oneratas
292 1892 442 1933 peccatz's',
475 1903 553 1932 qnae
579 1890 768 1921 (laeebmztnr
795 1891 894 1921 vat-ils
918 1891 1097 1925 desideriis,
1130 1896 1161 1921 et
1191 1890 1427 1921 multitudinem
1453 1891 1644 1921 rusticorum
1669 1890 1775 1921 dicen-

130 1944 218 1983 tium,
252 1943 337 1985 quod
368 1944 437 1986 ipse
469 1949 553 1974 esset
584 1944 634 1973 vir
665 1943 863 1985 apostolicae
895 1944 1073 1974 sanctitatis
1105 1950 1136 1974 ct
1168 1944 1260 1985 sigua
1285 1950 1316 1974 et
1340 1943 1488 1985 prodigia
1514 1943 1609 1974 multa
1635 1944 1773 1974 fecisset.

130 1997 258 2028 Deinde
284 1997 439 2028 conduxit
464 1997 634 2038 episcopos
660 1996 816 2036 indoctos,
849 1997 903 2038 qui
935 2008 968 2027 se
1000 2003 1113 2028 contra
1136 2002 1311 2038 praecepta
1336 2008 1496 2028 canonum
1521 1996 1666 2027 absolute
1692 1997 1773 2027 ordi-

85 2070 110 2089 35
130 2056 255 2081 narunt.
303 2050 385 2081 Tum
419 2050 546 2081 demum
578 2051 610 2080 in
642 2054 763 2080 tantam
796 2049 980 2092 superbiam
1013 2049 1114 2080 clatus
1147 2056 1204 2089 est,
1237 2056 1270 2080 ut
1302 2061 1335 2080 se
1367 2051 1594 2092 aequiperaret
1623 2050 1774 2091 apostolis

130 2103 258 2135 Christi.
294 2104 338 2134 Et
355 2102 592 2144 dedignabatur
612 2104 644 2133 in
669 2103 802 2134 alicuius
827 2103 948 2133 honore
973 2103 1188 2144 apostolorum
1214 2103 1265 2134 vel
1290 2108 1465 2144 martyrum
1491 2103 1682 2134 aecclesiam
1701 2114 1773 2133 con*

131 2168 267 2188 sccrare.
315 2157 358 2187 Et
382 2157 602 2198 interrogavit,
636 2156 713 2198 quid
737 2156 914 2187 voluissent
945 2156 1090 2187 homines
1115 2156 1276 2187 visitando
1304 2156 1415 2187 limina
1439 2162 1623 2187 sanctorum
1647 2162 1773 2198 aposto-

129 2210 241 2241 lorum.
288 2210 406 2241 Postea
436 2210 468 2240 in
498 2210 629 2252 proprio
655 2209 774 2240 honoro
807 2220 863 2240 suo
890 2209 1053 2240 dedicavit
1084 2210 1225 2240 oratoria
1248 2210 1309 2249 vel,
1342 2215 1375 2240 ut
1399 2210 1506 2240 verius
1532 2209 1648 2248 dicam,
1674 2209 1773 2240 sordi>

131 2263 227 2294 davit.
264 2263 379 2294 Fecit3
404 2262 582 2294 cruciculas
608 2268 639 2294 et
663 2262 835 2293 oratoriola
860 2263 892 2293 in
917 2263 1038 2304 campis
1064 2268 1095 2293 et
1120 2262 1161 2293 ad
1185 2262 1288 2294 fontes
1308 2262 1359 2293 vel
1377 2262 1572 2304 ubicumque
1590 2262 1652 2293 sibi
1668 2263 1773 2293 visum

83 2337 109 2355 40
129 2316 187 2348 fuit
213 2322 243 2348 et
266 2317 358 2347 iussit
390 2315 434 2347 ibi
466 2315 613 2358 publicas
645 2316 806 2347 orationes
832 2315 1006 2355 celebrare,
1040 2315 1142 2347 donec
1175 2315 1393 2346 multitudines
1424 2315 1625 2358 populorum,
1658 2316 1772 2357 spretis

130 2370 245 2401 ceteris
269 2370 430 2412 episcopis
456 2374 487 2400 et
511 2369 651 2400 dimissis
677 2370 817 2411 antiquis
843 2369 1019 2408 aecclesiis,
1051 2370 1084 2399 in
1116 2368 1233 2400 talibus
1259 2369 1337 2400 locis
1362 2374 1539 2400 conventus
1565 2369 1773 2400 celebrabant

130 2423 289 2454 dicentes:
316 2423 444 2454 ‘Merita
468 2423 571 2454 sancti
595 2422 763 2453 Aldeberti
790 2421 991 2453 adiuvabant
1015 2423 1093 2453 nos'.
1134 2422 1281 2463 Ungulas
1306 2434 1379 2454 suas
1405 2428 1435 2453 et
1459 2422 1592 2464 capillos
1617 2422 1705 2453 dedit
1730 2422 1771 2452 ad

129 2475 407 2507 honorificandum
439 2481 471 2507 et
501 2475 693 2518 portandum
725 2487 798 2506 cum
822 2475 966 2517 reliquiis
996 2477 1098 2506 sancti
1122 2476 1211 2506 Petri
1234 2476 1389 2517 principis
1415 2475 1639 2517 apostolorum.
1688 2475 1770 2505 Tum

235 2586 249 2609 3
277 2582 457 2615 adnuntiabit}
478 2585 627 2609 adnuuavit
647 2585 681 2608 Μ.
769 2586 783 2608 5
804 2588 933 2616 rogarunt
956 2585 981 2609 C.
1075 2586 1103 2608 14
1124 2586 1290 2616 p1·ccuss1:›ris
1311 2585 1346 2608 ill.
1437 2586 1464 2609 17
1487 2589 1530 2608 aut
1549 2585 1614 2609 deest
1633 2585 1668 2609 M.
1689 2594 1770 2615 sapor-

84 2650 110 2669 45
127 2629 246 2660 scriplum
265 2633 298 2653 est
318 2629 343 2653 ιίι
366 2629 392 2654 C.
472 2630 505 2653 24
526 2630 594 2653 enim
614 2629 679 2653 deest
700 2629 725 2653 C.
807 2629 955 2653 Aldeberto
978 2630 1003 2653 (Α
1085 2630 1116 2653 27
1138 2633 1226 2653 autem
1247 2629 1311 2653 deest
1333 2630 1357 2652 (¹.
1437 2631 1470 2653 30
1490 2633 1611 2660 posceret
1630 2638 1641 2649 ri
1660 2637 1722 2651 corr.
1746 2629 1770 2651 t'.

129 2674 161 2697 39
183 2674 208 2697 111
229 2672 339 2704 campis}
360 2674 499 2705 imcampis
522 2674 546 2698 C.

240 2764 267 2797 1)
293 2763 337 2790 De
361 2763 506 2791 [ildeberto
532 2774 554 2791 υ.
581 2774 653 2801 quae
675 2774 764 2800 snpra
784 2774 815 2801 p.
834 2765 871 2792 34*
896 2774 962 2791 (mn.
982 2767 1008 2796 3,
1030 2774 1061 2800 P-
1079 2765 1116 2791 35
1141 2774 1208 2790 (ιηη.
1227 2765 1243 2791 4
1269 2763 1416 2790 attulimus.
1511 2764 1540 2791 2)
1567 2763 1609 2789 lh*
1636 2762 1771 2790 emmam

131 2817 169 2850 cf.
190 2816 300 2850 Hazcclr,
326 2817 342 2843 l.
369 2817 385 2843 l.
413 2816 436 2850 I,
461 2818 517 2845 541
534 2827 593 2854 sqq.
689 2816 717 2851 3)
745 2816 791 2851 (γ’.
821 2816 971 2845 Concilium
997 2816 1192 2844 suessionense
1216 2817 1273 2844 744
1298 2827 1319 2842 ι’.
1339 2817 1371 2848 7,·
1395 2826 1483 2852 ¹supra
1505 2828 1534 2852 μ.
1554 2818 1598 2843 3-3.
