2242 3085
177 674 202 692 10

177 939 201 958 15

174 1208 200 1225 20

174 1473 199 1491 25

175 1797 200 1816 30

173 2018 198 2037 ³5

173 2345 199 2363 40

173 2610 199 2629 4⁶

639 89 690 115 39.
729 89 945 116 (¹ONCILIUM
974 89 1299 120 AQUISGRANENSI‘]
1326 92 1361 118 A.
1383 92 1454 118 816.

222 186 310 212 siclt.
329 186 425 220 Arm]
455 181 571 223 quibus
596 183 771 224 gratiarum
796 183 946 213 acciones
971 193 1019 212 re-

221 235 315 274 ferre,
339 246 484 277 quosque
510 236 606 266 etiam
632 235 737 277 dignis
763 234 1018 277 correptionibus

644 288 768 327 Quodsi
800 288 915 330 aliquis
944 294 1018 319 tuae

826 347 1018 383 vestraeque

222 289 382 330 corrigere
409 287 595 319 debeamus.

436 341 541 372 eidem

221 394 433 425 admonitioni
469 395 650 436 procaciter
684 395 779 425 reniti
814 394 953 425 voluerit
988 399 1019 424 et

222 341 388 372 dioceseos
588 342 780 372 institutioni

222 458 269 486 ea⁷
303 459 384 489 quae
418 447 459 478 ab
492 447 605 478 eodem
631 459 723 478 sacro
749 454 910 478 conventu
935 447 1017 477 salu-

220 500 321 531 briter
351 501 524 531 constituta
556 507 638 539 sunt,
672 512 729 542 pro
761 500 884 531 viribus
910 499 1017 531 obser-

221 565 297 584 vare
324 554 504 595 neglexerit
528 560 559 585 et
584 553 722 585 subinde
744 554 936 584 ammonitus
954 564 1018 583 non

221 619 254 637 se
273 608 459 647 correxerit7
485 608 669 649 quicunque
687 606 739 637 ille
758 612 815 645 est,
833 612 907 637 ante
925 617 1017 648 prae-

221 661 358 691 sentiam
389 668 530 691 nostram
560 667 615 691 tua
640 660 691 691 vel
724 661 813 690 missi
837 660 937 690 nostri
963 659 1017 690 ad-
1045 702 1046 711 ἵ

220 714 396 745 monitione
421 715 531 744 venire
549 714 687 752 festinety
713 719 871 754 quatenus
889 724 907 743 a
925 712 1017 743 nobis

221 768 312 798 iuxta
343 767 554 809 quantitatem
587 766 679 808 culpe
706 766 801 807 digne
828 767 1015 807 e‹f›rrigatur.

1044 822 1045 825 ’
1074 820 1178 852 stinct.
1205 826 1364 861 quatenus
1389 832 1407 850 a
1431 820 1524 851 nobis
1550 821 1641 852 iuxta
1658 823 1870 863 quantitatem

264 926 454 957 Direximus
478 931 646 968 praeterea
663 925 720 956 tibi
738 926 864 967 pondus
883 932 912 956 et
930 937 1016 956 men-

220 991 338 1019 suram,
370 979 547 1010 secundum
581 990 664 1021 quac
694 979 820 1010 clericis
846 986 876 1009 et
901 980 1017 1010 sancti-

219 1032 412 1064 monialibus
444 1034 536 1074 panis
569 1039 599 1063 et
630 1039 723 1074 potus
755 1033 933 1074 aequaliter
964 1034 1016 1063 tri-

219 1085 349 1117 buenda
374 1092 456 1126 sunt,
490 1097 572 1128 quae
604 1092 639 1117 ut
664 1085 704 1116 ab
730 1085 878 1116 omuibus
902 1087 1016 1117 firmis-

220 1140 299 1170 sime
332 1145 428 1181 atque
458 1139 689 1170 inviolabiliter
712 1146 882 1170 teneantur
907 1139 1016 1170 decer-

219 1193 324 1224 nimus
357 1198 396 1230 et,
433 1204 473 1223 ne
506 1192 583 1234 quid
614 1193 804 1223 incrementi
836 1198 889 1223 aut
922 1193 1016 1224 detri-

218 1246 318 1277 menti
336 1257 354 1276 a
371 1257 534 1288 quoquam
551 1247 731 1287 paciantur⁷
750 1246 853 1276 modis
868 1246 1016 1277 omnibus

218 1298 400 1330 inhibemus
413 1302 432 1329 ¹.

264 1352 367 1383 Tuam
393 1353 491 1393 igitur
515 1353 547 1382 in
573 1352 661 1383 ealce
687 1352 780 1383 huius
806 1352 940 1394 epistole
962 1353 1015 1383 ad-

218 1416 386 1436 monemus
412 1406 625 1439 sanctitatem,
657 1411 692 1436 ut
723 1405 899 1436 secundum
924 1407 1015 1436 mini-

219 1459 351 1490 sterium
365 1458 423 1489 tibi
437 1459 546 1489 divino
561 1470 691 1489 munere
710 1459 871 1489 conlatum
888 1465 1016 1490 nostrae

218 1513 251 1543 in
279 1512 339 1543 hoe
371 1513 507 1553 negocio
539 1512 772 1543 saluberrimae
804 1512 1015 1543 admonitioni

624 1658 639 1681 3
667 1654 779 1687 Quodsi]
809 1657 842 1680 Si
871 1665 954 1680 vero
984 1658 1015 1680 ,1.

567 1698 712 1732 conventu]
744 1710 756 1725 c
767 1705 776 1724 t
805 1710 821 1724 v
831 1710 843 1725 e
854 1710 869 1725 ιι
880 1710 893 1725 e
903 1710 914 1724 r
924 1710 938 1725 a
948 1703 962 1725 h
973 1703 979 1725 i
991 1701 1015 1725 li

265 1659 276 1681 1
306 1658 472 1681 actiones
494 1658 526 1681 ,1.

220 1703 234 1726 6
264 1700 305 1732 ea]
336 1710 406 1725 eam
431 1703 462 1725 il.

915 1747 928 1770 ἰ’
951 1755 1013 1769 con-

220 1746 382 1770 concilio
404 1748 436 1770 A.
508 1746 794 1770 salubritcrzlecst
814 1746 846 1769 «1.

219 1788 321 1822 stituta]
349 1795 455 1823 atque
483 1791 632 1815 decreta
651 1790 710 1814 add.
732 1791 763 1814 A.
844 1798 892 1822 pro
914 1792 1014 1814 viribus

218 1833 437 1866 —ammmiitusJ
460 1839 628 1867 quantum
650 1835 822 1859 Dominus
852 1836 881 1859 ei
909 1843 1014 1866 posse

219 1881 363 1904 dederit
384 1881 581 1904 observare
603 1880 882 1910 contempserit,
911 1888 1013 1911 prae>

501 1925 529 1948 si
561 1928 668 1948 antea
699 1924 951 1948 huiuscemodi
983 1925 1014 1948 ,1.

857 1970 887 1992 12
908 1970 1013 1999 quanti-

219 1925 386 1956 cipimus‚
419 1928 468 1953 ut,

220 1971 251 1993 10
271 1970 352 1993 misso
373 1969 402 1993 S.
470 1969 727 1993 ammonitione
750 1969 780 1992 .l.

217 2011 310 2044 tatem]
337 2014 494 2038 cantitatem
523 2014 551 2037 S.
637 2022 650 2037 c
661 2021 677 2036 ιι
687 2013 693 2036 l
703 2022 718 2045 p
729 2022 743 2037 a
753 2022 766 2037 e
788 2014 819 2036 ,1.
905 2014 935 2036 19
962 2017 972 2037 t
981 2022 994 2035 e
1004 2027 1012 2030 ⁴

218 2060 344 2082 neatur
371 2059 402 2082 A.
488 2059 518 2082 21
548 2059 736 2090 patiantur
763 2058 795 2082 Α1.
878 2059 910 2081 ‘23
938 2058 1012 2089 epi-

218 2111 229 2126 s
239 2106 273 2126 tu
282 2102 289 2126 l
298 2111 314 2126 a
323 2111 336 2126 e
365 2103 395 2126 ,1.
482 2104 515 2126 24
541 2103 686 2126 sanctitate
715 2103 741 2125 S.
825 2099 1011 2131 ministerium]

218 2147 367 2170 misterium
388 2146 417 2170 S.
491 2148 523 2171 ⁴26
545 2156 559 2170 n
570 2155 583 2171 e
592 2156 609 2179 g
618 2155 633 2169 o
643 2150 652 2170 t
663 2148 668 2170 i
679 2156 693 2170 o
718 2148 746 2170 .1.

329 2280 356 2314 1)
384 2280 432 2315 Cf.
457 2291 528 2317 quae
551 2292 639 2318 snpra
660 2292 691 2318 p.
709 2283 765 2311 401
791 2292 859 2309 aun.
878 2284 980 2319 quq„
1002 2292 1032 2318 p.
1050 2283 1109 2310 *1⁴17
1133 2292 1200 2308 ann.
1221 2283 1235 2309 l
1261 2282 1409 2309 attaliam.

1807 90 1870 119 463

1075 188 1205 222 Mamu]
1236 183 1352 225 quibus
1377 185 1552 225 gratiarum
1577 186 1727 217 acciones
1752 187 1872 218 referre

1075 247 1219 277 quosque
1245 237 1341 267 etiam
1366 237 1472 278 dignis
1498 238 1754 280 correptionibus
1775 240 1872 270 corri-

1075 299 1151 329 gere
1177 289 1363 320 debeamus.
1405 290 1439 321 Si
1464 302 1541 321 vero
1566 291 1681 333 aliquis
1706 298 1780 323 tuae
1806 293 1871 323 dio-

1075 342 1158 372 cesis
1199 342 1303 373 eidem
1344 344 1535 374 institutioni
1580 350 1772 387 nostraeque
1817 345 1871 376 ad-

1074 395 1242 425 monitioni
1268 397 1449 437 procaciter
1481 397 1574 428 reniti
1599 397 1737 429 voluerit
1769 404 1799 429 et
1824 410 1871 438 ea,

1075 458 1157 488 quae
1190 447 1229 478 ab
1263 448 1376 479 eodem
1409 461 1500 480 sacro
1533 456 1564 481 ct
1587 451 1765 482 venerabili
1798 463 1872 482 con-

1075 500 1147 531 cilio
1166 502 1338 532 constituta
1356 508 1452 543 atque
1470 502 1601 534 decreta
1616 510 1699 542 sunt,
1717 510 1871 546 quantum

1074 553 1234 585 Dominus
1261 555 1306 584 eis
1331 566 1425 596 posse.
1443 555 1580 595 dederit,
1606 556 1779 588 observare
1798 569 1871 588 con-

1074 608 1249 648 tempserit,
1276 609 1502 649 praecipimus,
1528 615 1571 648 ut,
1597 610 1623 640 si
1648 616 1743 641 antea
1763 610 1871 641 huius-

1074 660 1160 690 modi
1185 672 1248 690 non
1273 672 1306 690 se
1328 662 1515 699 eorrexerit,
1542 663 1726 704 quicunque
1743 663 1795 694 ille
1814 670 1870 703 est,

1073 719 1147 743 ante
1187 715 1405 755 praesentiam
1440 720 1582 745 nostram
1621 721 1677 746 tua
1711 716 1761 747 vel
1798 717 1870 747 inis-

1073 777 1180 797 sorum
1217 773 1397 797 nostrorum
1434 767 1651 799 admonitione
1683 770 1794 800 venire
1826 770 1870 800 fe-

1073 873 1187 915 culpae
1214 873 1310 915 digne
1336 874 1524 915 corrigatur.

1570 927 1627 958 tibi

1073 992 1266 1019 mensuram,
1282 980 1458 1011 seeundum
1473 992 1556 1022 quae
1571 981 1696 1012 clericis
1711 987 1742 1012 et
1755 983 1871 1012 sancti-

1118 927 1306 957 Direximus
1354 933 1523 969 praeterea
1675 928 1800 970 pondus
1840 934 1872 960 et

1073 1033 1267 1064 monialibus
1299 1034 1391 1075 panis
1424 1040 1455 1064 et
1485 1040 1578 1076 potus
1608 1034 1787 1076 aequaliter
1818 1036 1871 1066 tri-

1072 1086 1202 1117 buenda
1227 1093 1309 1120 sunt,
1342 1099 1424 1129 quae
1457 1093 1491 1118 ut
1519 1087 1560 1118 ab
1585 1087 1733 1118 omnibus
1757 1088 1870 1119 firmis-

1074 1141 1151 1171 sime
1183 1146 1279 1182 atque
1312 1140 1543 1171 inviolabiliter
1566 1146 1736 1172 teneantur
1761 1141 1870 1172 decer-

1073 1194 1177 1224 nimus
1210 1200 1250 1227 ct.
1285 1206 1324 1224 ne
1357 1194 1435 1236 quid
1465 1195 1655 1225 incrementi
1688 1201 1743 1225 aut
1774 1194 1869 1225 detri-

1072 1248 1170 1277 menti
1188 1258 1207 1277 a
1224 1258 1387 1289 quoquam
1405 1248 1577 1289 patiantur,
1601 1247 1703 1278 modis
1722 1247 1870 1279 omnibus

1072 1299 1253 1331 inhibemus
1266 1303 1284 1330 ¹.

1117 1353 1219 1384 Tuam
1257 1354 1356 1395 igitur
1390 1354 1423 1384 in
1459 1354 1548 1385 ealce
1585 1355 1678 1385 huius
1715 1354 1869 1396 epistolae

1072 1406 1282 1437 admonemus
1300 1408 1513 1443 sanctitatem,
1532 1414 1566 1439 ut
1583 1408 1759 1439 seeundum
1778 1409 1869 1439 mini-

1073 1460 1203 1490 sterium
1222 1459 1279 1490 tibi
1298 1460 1407 1491 divino
1425 1472 1557 1491 munere
1576 1460 1726 1492 collatum
1739 1467 1867 1492 nostrae

1072 1514 1104 1543 in
1140 1513 1200 1544 hoe
1232 1514 1361 1555 negotio
1394 1513 1624 1545 saluberrimae
1656 1514 1867 1545 admonitioni

1116 1659 1129 1681 3
1157 1658 1291 1682 dioecesis
1312 1658 1340 1681 J]
1353 1662 1373 1682 l.
1389 1662 1410 1682 2.

1073 1703 1103 1725 15
1124 1703 1156 1725 ab
1177 1702 1242 1726 deest
1261 1701 1292 1725 Jl
1303 1706 1322 1726 l.
1339 1706 1360 1726 2.

1501 1659 1530 1682 1ss
1557 1656 1636 1689 quae]
1666 1667 1745 1690 qnam
1766 1661 1827 1684 Δ11].
1844 1661 1866 1683 2.

1437 1704 1467 1727 19
1489 1708 1613 1727 teneatur
1632 1703 1661 1726 Μ
1672 1705 1694 1727 2,

1458 2283 1486 2309 V.
1514 2283 1593 2309 ellum
1618 2283 1747 2310 Iirmoldi
1762 2283 1866 2320 Niyelli

220 2344 332 2361 carmem
350 2334 376 2361 iu
396 2334 525 2361 honorem
539 2335 699 2362 Illudozrlel
715 2336 731 2362 l.
748 2335 781 2362 II
794 2345 817 2362 ι’.
831 2337 889 2363 519
897 2346 967 2372 sqq„
991 2335 1035 2361 ulti
1051 2335 1126 2362 missi
1142 2336 1287 2362 ›wlvzmtas
1305 2336 1372 2362 leaeo
1395 2335 1560 2372 [lupet‘alm'i
1577 2336 1702 2363 retulisse
1718 2337 1863 2364 dicuntur:

478 2388 678 2423 Meusurasque
704 2390 755 2415 sibi
782 2386 850 2424 (st-ll.
876 2387 1063 2424 monasterii&
1088 2393 1181 2415 vestro
1206 2390 1393 2415 moderamine
1419 2390 1530 2418 dautes,

478 2440 546 2471 Quis
570 2441 683 2468 valeant
707 2452 819 2476 semper
843 2451 962 2477 pergere
989 2443 1046 2468 iure
1073 2443 1153 2470 viam.

477 2495 540 2519 Sive
567 2495 649 2520 etiam
674 2495 784 2527 librum,
810 2505 892 2530 quem
918 2500 1026 2530 patrum
1053 2500 1146 2521 vestra
1171 2500 1299 2530 potestas

476 2548 615 2581 Dogmate
640 2549 781 2583 decerpsit.
806 2554 890 2584 atque
916 2550 1025 2583 peregit
1051 2558 1115 2583 ope,

461 2601 600 2627 -Urbibus
626 2605 653 2627 et
678 2603 785 2634 eastris,
810 2612 891 2628 sexus
917 2603 990 2636 quod
1017 2606 1081 2635 eget
1108 2606 1241 2636 uterque,

478 2654 640 2688 Linquimus
667 2675 672 2680 .
700 2674 706 2680 .
733 2675 738 2680 .

218 2704 304 2743 (MG.
333 2707 434 2734 Poetae
458 2706 520 2733 avi-i
547 2706 678 2733 Kar-alini
702 2707 739 2740 II,
765 2706 815 2744 55)
847 2712 872 2734 et
896 2712 1049 2744 praeterea
1081 2718 1152 2745 quac
1184 2708 1297 2744 erponi!
1323 2709 1466 2736 (luen-ard.

218 2760 354 2788 Irmitmn’
380 2760 403 2793 I,
431 2762 495 2788 192.
521 2762 587 2788 965.
613 2762 678 2788 969.

1501 2708 1683 2744 Ἰἲιζιῃιὶῃψιν
1713 2709 1745 2735 dr*
1775 2708 1866 2735 l'altbe‘
