2242 3085
94 703 119 721 10

93 980 118 998 15

91 1265 118 1284 20

90 1806 118 1825 30

92 2081 119 2100 ³5

92 2353 120 2370 40

95 2575 122 2593 45

606 113 656 139 38.
694 113 910 140 CONCILIUM
934 113 1169 140 TURONENSE
1195 114 1230 140 A.
1253 114 1326 141 813.
1725 111 1788 141 289

138 205 266 237 diabolo
285 212 316 237 et
332 205 484 248 operibus
502 207 581 237 eius
619 206 729 248 Opera
746 206 831 237 0111111
848 205 969 236 diaboli
990 217 1089 247 opera
1113 207 1220 237 carnis
1246 218 1315 237 esse
1341 207 1580 249 intelleguntur,
1606 219 1689 249 quac
1715 214 1789 238 sunt

138 259 321 299 homicidia,
347 259 586 298 fornicationes,
616 259 783 298 adulteria,
816 258 988 290 ebrietates
1021 264 1052 289 et
1077 259 1176 289 multa
1200 259 1263 290 alia
1288 260 1336 290 his
1362 260 1488 298 similia,
1521 272 1604 302 quae
1636 261 1787 291 nimirum

138 312 298 343 diabolico
334 313 488 356 instinctu
522 313 611 354 prius
647 313 841 354 cogitatione
877 312 993 342 mentis
1030 312 1257 354 concipiuntur
1293 324 1389 354 quam
1421 325 1517 355 opere
1550 319 1787 355 perpetrentur.

138 366 260 407 Pompe
285 377 362 396 vero
388 365 531 396 eiusdem
557 370 631 396 sunt
654 364 816 407 superbia,
842 365 1005 403 iactantia,
1032 364 1138 404 elatio,
1163 377 1249 396 vana
1273 366 1385 407 gloria,
1411 366 1512 397 fastus
1538 373 1568 397 et
1592 367 1656 397 alia
1673 378 1786 409 quam-

138 418 285 461 plurima,
311 430 394 460 quae
419 430 461 449 ex
485 419 534 449 his
559 419 635 449 oriri
659 418 818 448 videntur.

245 480 388 513 XVIIII.
425 480 613 523 Presbyteri
638 480 766 510 omnino
792 479 988 510 admonendi
1013 485 1095 515 sunt,
1127 485 1171 519 ut,
1204 492 1277 511 cum
1307 492 1399 511 sacra
1423 482 1593 512 missarum
1619 481 1787 513 sollemnia

138 534 324 575 peregerint
355 540 451 576 atque
483 533 803 571 communicaverint,
839 533 949 574 pueris
985 538 1040 564 aut
1071 533 1142 563 aliis
1174 533 1372 575 quibuslibet
1404 535 1550 575 personis
1583 534 1785 566 adstantibus

139 598 256 629 corpus
274 587 407 618 Domini
430 587 604 618 indiscrete
630 598 693 617 11011
718 585 870 617 tribuant.
909 586 973 625 Qui
998 587 1025 617 si
1049 586 1130 617 forte
1154 586 1330 617 maioribus
1356 588 1499 629 peccatis
1525 588 1644 618 fucrint
1662 589 1785 624 irretiti,

138 640 241 681 magis
266 640 327 671 sibi
352 640 592 671 damnationem
617 651 713 682 quam
738 639 917 670 remedium
947 650 1072 670 sumere
1104 646 1282 671 noscuntur
1313 641 1404 671 iuxta
1433 641 1625 671 sentcntiam
1650 641 1787 682 apostoli

140 693 292 724 dicentis:
333 694 524 735 Quicumque
547 693 786 724 manducaverit
803 705 917 735 panem
944 694 994 724 vel
1016 694 1129 724 biberit
1152 695 1278 724 calicem
1305 694 1441 725 Dome'm'
1464 694 1601 736 es'mlt'ffne,
1634 707 1705 725 rens
1730 696 1789 726 erit

139 748 281 789 corporis
311 754 339 778 et
359 748 525 789 sanqzcz'm's
548 746 689 778 Domini.
738 746 851 777 Probet
873 754 973 777 antem
997 759 1027 777 se
1054 748 1155 789 ipsum
1186 747 1274 777 homo
1300 755 1326 777 et
1349 749 1395 778 sle
1420 748 1456 778 «Ze.
1474 760 1560 789 pane
1588 749 1642 779 illo
1667 748 1739 779 edat
1763 756 1789 779 et

139 800 176 831 de
200 801 297 831 calice
321 801 413 831 bibat.

245 861 320 894 XX.
356 861 438 892 Item
462 860 661 903 presbyteris
685 861 919 902 iniungendum
950 867 1008 901 est,
1040 873 1080 893 ne
1112 873 1239 892 sacrum
1272 862 1411 893 chrisma
1443 862 1529 893 foras
1562 862 1709 893 conclavi
1742 863 1788 893 di-

138 915 274 954 mittant,
306 914 361 945 ubi
386 925 404 945 a
429 914 573 956 quolibet
603 915 717 956 attingi
749 915 859 956 possit.
906 915 990 946 Nam
1022 915 1210 946 criminosos
1243 915 1355 946 eodem
1389 915 1562 946 chrismate
1595 921 1708 947 unctos
1734 921 1789 947 aut

138 973 264 1010 potatos
288 979 494 1009 nequaquam
518 967 582 998 ullo
607 968 757 998 examine
784 967 983 1010 deprehendi
1008 980 1102 1010 posse
1127 980 1147 999 a
1170 968 1277 999 multis
1302 974 1433 1010 putatur
1445 971 1464 1000 ¹.

244 1029 338 1060 XXI.
375 1029 577 1061 Servandum
602 1029 801 1072 presbyteris
825 1030 959 1061 firmiter
983 1031 1162 1070 statuimus,
1191 1042 1231 1061 ne
1256 1030 1408 1062 tabernas
1434 1031 1657 1073 ingrediantur
1683 1043 1787 1063 come-

139 1083 236 1114 dendi
266 1082 442 1114 bibendive
475 1094 583 1114 causa.
632 1083 727 1122 Quod
758 1084 784 1113 si
815 1088 887 1125 post
918 1083 997 1114 haec
1023 1090 1142 1115 statuta
1171 1084 1278 1115 facere
1310 1085 1596 1126 praesumpserint,
1629 1085 1787 1116 canonica

138 1136 341 1167 decernimus
365 1137 524 1167 sententia
548 1136 710 1167 feriendos
722 1140 742 1167 2’.

244 1198 354 1229 XXII.
390 1198 572 1240 Episcopis,
598 1198 796 1241 presbyteris
822 1199 969 1241 diligenti
994 1200 1120 1231 cautela
1144 1200 1409 1242 pertractandum
1434 1206 1492 1239 est,
1525 1200 1663 1242 qualiter
1687 1201 1787 1231 homi-

136 1251 230 1282 nibus
255 1263 313 1282 sua
337 1251 398 1282 sibi
424 1251 542 1283 delicta
567 1251 794 1283 confitentibus
819 1257 946 1294 tempus
971 1252 1156 1284 abstinendi
1180 1253 1376 1288 adscribant,
1402 1259 1437 1284 ut
1457 1254 1548 1284 iuxta
1565 1253 1695 1284 modum
1713 1265 1787 1295 pec-

138 1305 200 1335 cati
232 1304 472 1347 paenitentibus
505 1304 702 1336 abstinentia
733 1305 903 1345 iudicetur,
937 1307 1089 1348 quoniam
1120 1307 1209 1337 varie
1242 1306 1282 1337 ab
1314 1306 1475 1348 aliquibus
1508 1306 1730 1338 sacerdotibus
1756 1313 1787 1338 et

138 1358 311 1389 indiscrete
344 1358 424 1389 haec
454 1358 575 1389 iudicia
607 1359 823 1400 proferuntur.
870 1359 949 1390 Ideo
981 1360 1200 1390 necessarium
1231 1359 1404 1390 videbatur
1434 1359 1537 1392 nobis.
1571 1372 1644 1391 cum
1676 1372 1787 1391 omnes

137 1412 280 1453 episcopi
306 1411 347 1441 ad
372 1422 500 1442 sacrum
524 1411 680 1453 palatium
705 1413 894 1454 congregati
919 1413 1047 1449 fuerint,
1073 1412 1114 1443 ab
1140 1414 1186 1443 eis
1209 1413 1347 1449 edoceri,
1374 1414 1464 1444 cuius
1482 1414 1688 1455 antiquorum
1705 1413 1788 1444 liber

136 1464 399 1506 paenitentialis3
423 1465 625 1507 potissimum
651 1465 691 1495 sit
715 1466 910 1507 sequendus.

243 1526 371 1559 XXIII.
409 1526 566 1558 Canonici
584 1526 694 1558 clerici
713 1528 888 1567 civitatum,
915 1529 970 1570 qui
987 1529 1019 1558 in
1037 1529 1210 1570 episcopiis
1229 1534 1470 1569 conversantur,
1497 1529 1786 1569 consideravimus,

138 1586 170 1611 ut
201 1581 232 1611 in
266 1580 414 1611 claustris
446 1579 629 1611 habitantes
662 1581 756 1611 simul
788 1592 897 1612 omnes
926 1582 962 1621 in
994 1593 1056 1612 uno
1087 1581 1273 1613 dormitorio
1299 1582 1460 1613 dormiant
1485 1582 1642 1624 simulque
1667 1583 1699 1613 in
1724 1594 1787 1614 uno

137 1633 326 1664 reficiantur
350 1634 533 1672 refectorio,
561 1645 623 1675 quo
647 1634 774 1664 facilius
799 1635 923 1676 possint
947 1635 989 1665 ad
1014 1635 1107 1665 horas
1133 1636 1305 1666 canonicas
1324 1635 1536 1666 celebrandas
1554 1647 1724 1667 occurrere
1749 1647 1787 1667 ac

137 1687 177 1717 de
202 1688 268 1718 vita
293 1693 324 1718 et
348 1688 594 1718 conversatione
620 1698 677 1718 sua
701 1688 868 1718 admoneri
894 1693 925 1718 ct
950 1688 1068 1719 doceri.
1105 1689 1236 1720 Victum
1262 1694 1292 1720 et
1317 1689 1468 1719 vestitum
1494 1690 1584 1720 iuxta
1600 1689 1787 1720 facultatem

137 1741 282 1782 episcopi
307 1741 478 1782 accipiant,
510 1752 550 1771 ne
583 1741 782 1782 paupertatis
815 1742 984 1772 occasione
1010 1742 1167 1783 compulsi
1198 1754 1257 1784 per
1286 1742 1415 1773 diversa
1440 1743 1552 1783 vagari
1577 1754 1614 1773 ac
1639 1742 1788 1784 turpibus

138 1805 171 1824 se
203 1793 369 1835 implicare
401 1794 539 1835 negotiis
573 1799 731 1835 cogantur
761 1794 958 1836 dimissoque
991 1795 1192 1826 eclesiastico
1225 1796 1330 1826 officio
1363 1796 1520 1837 incipiant
1549 1795 1787 1838 indisciplinate

138 1847 248 1877 vivere
273 1853 303 1878 et
328 1847 466 1889 propriis
492 1846 656 1879 deservire
682 1847 911 1889 voluptatibus.

244 1909 390 1939 XXIIII.
428 1909 531 1940 Simili
565 1909 659 1940 modo
692 1915 722 1940 et
755 1909 890 1940 abbates
922 1911 1198 1946 monasteriorum,
1232 1912 1263 1941 111
1296 1911 1412 1953 quibus
1438 1912 1595 1942 canonica
1619 1912 1685 1942 vita
1710 1913 1789 1942 anti-

139 1963 245 2004 quitus
281 1962 340 1993 fuit
370 1962 423 1993 vel
454 1974 538 1993 nunc
570 1962 699 1993 videtur
730 1974 811 2001 esse,
848 1963 983 1994 sollicite
1021 1964 1086 1994 suis
1117 1964 1330 2005 praevideant
1367 1965 1542 2001 canonicis,
1578 1970 1612 1996 ut
1647 1964 1789 1995 habeant

139 2015 280 2046 claustra
304 2021 335 2046 et
359 2015 557 2051 dormitoria,
584 2016 616 2046 111
642 2015 758 2058 quibus
784 2016 876 2047 simul
903 2010 1064 2048 dormiant
1088 2017 1246 2059 simulque
1272 2018 1468 2053 reficiantur,
1495 2018 1589 2048 horas
1615 2019 1788 2049 (amonicas

139 2068 331 2108 custodiant,
356 2069 478 2100 victum
503 2075 534 2100 et
558 2070 752 2100 vestimenta
777 2070 868 2100 iuxta
892 2070 980 2112 quod
1003 2071 1121 2112 poterit
1146 2070 1232 2101 abba
1257 2070 1407 2105 habeant,
1434 2083 1496 2113 quo
1522 2071 1648 2102 facilius
1666 2072 1707 2102 ad
1724 2072 1788 2103 Dei

139 2122 305 2153 servitium
330 2122 454 2164 possint
478 2123 665 2164 constringi,
692 2123 819 2164 sintque
845 2122 979 2154 abbates
1005 2123 1067 2154 sibi
1084 2123 1221 2154 subditis
1238 2123 1321 2155 bene
1339 2124 1480 2155 vivendo
1499 2124 1598 2155 duces
1616 2131 1645 2155 et
1664 2126 1789 2167 praevii

140 2175 290 2217 viamque
315 2175 545 2215 demonstrent,
571 2187 636 2217 qua
660 2181 746 2207 recte
772 2176 950 2217 gradiendo
976 2177 1017 2208 ad
1042 2177 1207 2208 meliorem
1232 2178 1332 2208 vitam
1357 2179 1528 2219 pervenire
1555 2178 1692 2209 valcant.

246 2257 350 2282 XVIII.
378 2259 393 2281 3
414 2259 527 2282 instintu
548 2258 580 2282 N.

246 2302 364 2325 XVIIII.
395 2303 408 2326 7
431 2310 528 2333 pueros
548 2302 580 2326 N.
655 2304 669 2326 8
691 2300 752 2333 Qui]
775 2304 835 2332 Qua
856 2302 886 2326 λ’.
966 2305 992 2327 11
1016 2301 1063 2333 sio]
1084 2304 1107 2327 si
1128 2304 1158 2327 X.

246 2346 303 2369 XX.
334 2347 365 2370 13
387 2350 426 2370 est
445 2346 510 2370 deest
528 2348 565 2372 M.
642 2349 671 2370 14
693 2345 799 2378 attingi]
820 2348 917 2378 nttingi
938 2348 969 2371 X.
1044 2349 1167 2372 crismate
1190 2353 1285 2372 unctus
1307 2352 1351 2373 aut
1370 2352 1478 2380 potatus
1500 2349 1530 2373 λ’.

246 2391 319 2414 XXI.
350 2392 381 2414 16
402 2391 563 2422 firmiterque
586 2392 617 2415 X.

247 2435 335 2458 XXII.
367 2436 396 2458 19
417 2438 457 2459 est
476 2435 541 2459 deest
561 2437 596 2461 ill.
670 2437 702 2459 22
724 2433 792 2467 rum]
815 2440 843 2459 ut
863 2444 923 2459 011111
946 2436 982 2460 JI'.
1055 2438 1088 2460 24
1108 2438 1275 2468 sequundum
1297 2438 1327 2461 N.

246 2480 350 2503 XXIII.
380 2480 411 2503 25
433 2478 572 2510 Canonici]
588 2484 614 2504 et
626 2480 686 2504 adul.
700 2480 754 2504 edd.
810 2481 837 2505 in
859 2478 1012 2511 episcopiis]
1030 2489 1090 2504 vum
1105 2482 1239 2513 episcopis
1260 2482 1291 2505 X.
1349 2484 1381 2506 23
1402 2481 1537 2513 vestitumj
1555 2484 1742 2508 vostimentum
1760 2485 1790 2509 X,

142 2526 174 2548 30
195 2523 327 2556 implicari
349 2524 384 2547 ,11.
406 2523 437 2547 X.

247 2569 368 2592 XXIIII.
398 2569 430 2592 33
451 2569 574 2592 videatur
594 2568 626 2592 N.

252 2633 279 2665 l)
316 2633 363 2666 (Y.
391 2632 495 2658 lon-oli
526 2632 682 2668 capitulare
708 2633 937 2669 .-1q11is5s1·‹1nenm=
960 2636 1020 2662 809
1046 2644 1067 2660 ι’.
1087 2635 1133 2667 lo,
1166 2634 1239 2661 MG.
1267 2635 1358 2671 Capit.
1386 2636 1408 2664 Ι,
1437 2637 1498 2663 149.
1617 2637 1645 2667 2)
1674 2637 1720 2671 (Jt'.
1747 2648 1790 2663 tar.

140 2695 185 2723 (μ’.
218 2685 314 2711 courz'l.
351 2685 522 2712 llamlivr’usc‘
553 2686 648 2717 1:24,
675 2685 845 2720 Africanum
878 2696 900 2713 ι).
925 2687 960 2715 7,·
999 2686 1096 2713 Mam-i
1126 2687 1164 2721 II,
1189 2689 1260 2716 579.
1295 2688 1350 2716 III.
1376 2690 1442 2717 734,
1494 2689 1657 2725 (ἸηιιἸιιΙιιΓν
1691 2690 1794 2716 Isso-nli

146 2738 248 2775 illa-qni
276 2738 520 2772 Franmma-tumve
544 2739 600 2766 794
633 2749 656 2764 (¹.
685 2740 727 2771 19,
760 2748 849 2774 supra
868 2749 900 2775 p.
930 2741 993 2767 10¹8.
1111 2741 1139 2771 3)
1168 2740 1214 2775 Cf.
1240 2751 1328 2777 supra
1350 2752 1380 2777 l».
1401 2744 1460 2770 5351]
1487 2753 1554 2769 mm.
1581 2745 1598 2769 :³
1623 2743 1663 2769 ml
1686 2742 1794 2769 'mn-ilii

146 2791 346 2819 Cabillow’nsis
369 2792 428 2819 813
453 2802 475 2818 ι’.
494 2793 541 2819 38.

197 2849 240 2870 LL.
256 2849 356 2868 eoncilia
372 2849 401 2868 11.
1547 2848 1577 2871 37

1809 699 1826 717 1.
1834 698 1882 717 Cor.
1893 699 1924 722 11,

1828 725 1900 744 2128.
