2242 3085
408 128 471 158 206
565 131 615 156 24.
652 129 835 156 CONCILIA
860 128 1106 161 RISPACENSE,
1132 127 1395 159 FRISINGENSE.
1422 126 1736 154 SALISBURGENSE
1760 127 1796 154 A.
1819 126 1891 154 800.

686 222 912 252 Decretum
937 220 1139 263 synodale
1165 232 1211 251 ex
1236 221 1424 251 iussione
1450 220 1584 250 domni
1608 219 1766 251 Karoli.

516 285 537 315 l.
577 285 625 314 De
652 285 772 314 unitate
798 289 829 313 et
854 283 1026 313 eoncordia
1051 282 1254 313 sacerdotum
1280 281 1399 312 Christi
1425 286 1456 312 et
1479 281 1589 323 populi
1614 280 1799 312 Christiani.

513 338 554 368 ΙΙ.
593 337 637 368 Ut
662 338 843 378 episcopus,
876 335 988 375 abbas,
1020 335 1180 377 presbiter
1211 341 1265 365 aut
1290 334 1465 365 monachus
1490 335 1557 365 sive
1583 339 1713 365 sanctae
1737 334 1891 365 moniales
1916 345 1935 365 a
1959 339 2045 365 recto

407 396 439 421 et
462 391 625 432 proposito
651 390 776 420 tramite
802 389 932 420 deviare
957 400 1019 419 non
1045 393 1293 430 praesummant.

513 443 572 474 ΙΙΙ.
610 443 653 473 Ut
676 442 780 473 nullus
806 443 889 472 inter
913 442 1128 472 eclesiasticos
1154 441 1280 471 ordines
1306 441 1495 471 constitutus
1519 452 1576 482 pro
1602 439 1746 482 qualibet
1771 451 1868 471 causa
1892 440 1933 471 ad
1957 451 2046 471 secu·
2065 452 2078 471 5

407 496 487 527 laria
511 496 632 526 iudicia
655 495 811 526 accedere
837 495 955 525 audeat
980 496 1047 525 sinc
1073 494 1184 524 iuditio
1210 493 1355 535 episcopi
1379 493 1431 523 vel
1454 493 1701 534 metropolitani.

514 549 589 579 IIII.
626 549 677 579 De
703 548 878 579 elemosina
903 554 1017 589 quater
1041 548 1071 577 in
1098 558 1180 577 anno
1205 546 1365 577 facienda.

514 602 552 632 V.
590 602 640 632 De
666 602 783 632 ieiunio
816 602 967 632 feriarum
1000 601 1085 631 omni
1119 605 1261 641 tempore
1287 598 1499 637 observando,
1532 600 1677 640 exceptis
1710 598 1823 630 diebus
1848 599 2045 641 antepositis,

408 661 439 686 et
463 655 582 686 letania
606 655 765 686 facienda.

514 708 571 739 VI.
608 708 659 739 De
686 708 830 739 conciliis
856 707 904 737 bis
929 708 961 737 iu
986 718 1068 737 auno
1094 705 1307 736 celebrandis.
2068 717 2092 735 10

515 761 588 792 VII.
626 761 676 791 Dc
702 760 888 803 presbiteris
914 765 945 790 et
970 758 1158 790 diaconibus
1183 770 1247 789 non
1272 758 1459 789 ordinandis
1484 759 1544 788 nisi
1569 757 1719 799 legitimis
1744 757 1950 799 temporibus.

514 814 604 845 VIII.
641 814 691 845 De
717 825 797 856 pace
824 814 855 843 in
881 813 999 843 eclesia
1023 811 1243 843 custodienda.

512 867 621 898 VIIII.
657 867 708 897 De
734 866 956 897 communibus
980 866 1179 896 vestimentis
1204 876 1267 895 non
1292 864 1491 906 spernendis.

514 921 554 951 X.
592 921 643 951 De
668 921 772 950 usuris
798 931 861 950 non
887 918 1064 959 exigendis.

514 974 573 1005 XI.
610 974 661 1004 Dc
686 972 782 1003 rebus
806 971 961 1002 nobilium
986 982 1049 1001 non
1075 970 1271 1001 attrahendis
1296 981 1395 1001 causa
1420 970 1612 1001 ambitionis.
1643 976 1646 979 ’
2069 984 2091 1002 15

515 1027 590 1058 XII.
628 1027 678 1057 De
704 1024 925 1056 sacerdotibus
951 1029 1062 1054 contra
1087 1023 1217 1054 decreta
1241 1028 1359 1054 statuta
1382 1024 1638 1065 praesumptiose
1664 1023 1844 1065 agentibus.

515 1080 607 1111 XIII.
644 1079 696 1109 De
721 1079 879 1109 divisione
905 1077 1113 1107 decimarum.

515 1133 625 1164 XIIII.
662 1132 713 1162 De
738 1132 871 1162 tuitione
897 1130 1077 1169 viduarum,
1109 1129 1313 1171 pupillorum,
1346 1140 1514 1160 caecorum
1544 1134 1575 1160 et
1600 1129 1786 1160 claudorum
1811 1129 1851 1160 ab
1877 1131 2046 1172 episcopis,

516 1186 589 1217 XV.
626 1185 677 1216 De
702 1183 984 1223 incantationibus,
1017 1183 1159 1224 auguriis
1184 1182 1235 1213 vel
1260 1182 1512 1213 divinationibus
1544 1187 1575 1213 et
1599 1182 1638 1213 de
1664 1182 1722 1221 his,
1755 1183 1809 1224 qui
1841 1188 2047 1224 tempestates

409 1239 460 1270 vel
485 1239 548 1270 alia
571 1238 730 1269 maleficia
754 1238 886 1268 faciunt.
2067 1248 2093 1267 20

515 1291 606 1323 XVI.
643 1291 694 1322 De
719 1290 842 1321 nefario
867 1290 1038 1320 iuramenti
1063 1301 1121 1320 usu
1147 1289 1288 1320 vitando.

514 1345 622 1375 XVII.
660 1344 710 1374 De
742 1343 870 1374 feminis
902 1354 1105 1384 nequaquam
1138 1348 1210 1384 post
1241 1342 1323 1373 hanc
1356 1343 1614 1373 convenientiam
1651 1353 1723 1373 eum
1760 1341 1981 1373 sacerdotibus
2018 1348 2048 1373 et

409 1399 534 1430 clericis
560 1397 752 1428 habitandis.

514 1451 640 1481 XVIII.
676 1450 728 1480 De
752 1450 843 1480 laicis
869 1449 1010 1480 claustra
1034 1448 1264 1478 monachorum
1290 1459 1353 1479 non
1378 1448 1643 1489 ingredientibus.

515 1503 658 1534 XVIIII.
694 1503 745 1533 De
770 1502 958 1533 novacianis
982 1513 1047 1532 non
1070 1501 1266 1543 recipiendis
1292 1506 1365 1532 ante
1391 1502 1661 1532 examinationem
1686 1501 1826 1543 regulae.
2069 1514 2093 1532 26

515 1557 591 1588 XX.
629 1557 679 1587 Dc
712 1555 838 1587 cuculla
864 1567 931 1586 -non
963 1554 1083 1585 utenda
1113 1555 1175 1585 nisi
1208 1554 1249 1585 ad
1277 1554 1434 1585 monacho
1459 1554 1509 1585 vel
1534 1566 1591 1596 pro
1616 1555 1808 1585 necessitate
1833 1554 1874 1585 ad
1898 1554 2047 1596 religioso

411 1611 587 1642 sacerdote.

519 1663 611 1694 XXI.
647 1663 699 1694 De
725 1662 850 1693 clericis
876 1667 907 1692 et
931 1661 1021 1692 laicis
1047 1661 1220 1691 claustram
1246 1660 1424 1702 puellarum
1449 1672 1512 1691 non
1536 1660 1739 1692 intrantibus.

518 1716 628 1747 XXII.
666 1716 716 1746 De
742 1716 832 1756 signo
857 1714 1015 1756 pulsando
1041 1726 1059 1744 a
1083 1713 1336 1744 sanctimoniale.

518 1769 645 1800 XXIII.
682 1769 733 1799 De
759 1768 922 1799 sceleratis
947 1773 978 1798 et
1001 1767 1131 1798 inlicitis
1156 1767 1276 1808 nuptiis
1302 1766 1537 1797 abstinendum.
2069 1778 2094 1796 30

518 1822 663 1853 XXIIII.
700 1822 751 1852 De
777 1821 942 1852 monachis
968 1820 1009 1851 ad
1034 1821 1184 1851 convivia
1208 1820 1363 1850 laicorum
1388 1821 1518 1850 minime
1543 1819 1783 1851 accedentibus.

519 1876 627 1907 XXV.
664 1875 715 1905 De
740 1874 922 1905 monachis:
948 1873 1011 1905 ullo
1037 1873 1132 1904 modo
1157 1884 1216 1903 nec
1233 1873 1456 1914 parroechiam
1473 1878 1603 1904 teneant
1619 1884 1679 1904 nec
1697 1873 1738 1903 ad
1755 1873 1913 1904 secularia
1929 1872 2049 1904 iudicia

413 1929 579 1961 accedant.

519 1982 644 2012 XXVI.
685 1981 736 2012 De
773 1981 898 2011 clericis
934 1991 1043 2022 regem
1079 1991 1141 2010 non
1178 1979 1430 2021 inquietantibus
1467 1978 1588 2021 absque
1625 1990 1783 2010 consensu
1819 1979 1962 2021 episcopi
1998 1978 2048 2009 vel

413 2035 659 2077 metropolitani.
2069 2043 2094 2062 35

520 2088 662 2119 XXVII.
699 2087 750 2118 De
783 2086 953 2117 abbatissis
985 2086 1024 2116 de
1056 2086 1257 2116 monasteriis
1289 2097 1353 2116 non
1385 2085 1624 2127 egredientibus
1649 2086 1716 2116 sine
1741 2085 1871 2116 licentia
1895 2085 2048 2127 episcopi.

520 2141 678 2172 XXVIII.
716 2140 766 2171 De
792 2140 910 2170 sanctis
934 2138 1142 2170 monialibus:
1168 2150 1208 2169 ne
1233 2139 1372 2169 virorum
1397 2139 1589 2169 vestimenta
1612 2138 1756 2169 induant.

521 2194 697 2225 XXVIIII.
734 2193 785 2224 Dc
811 2192 991 2231 abbatibus,
1022 2192 1186 2223 monachis
1212 2197 1243 2222 et
1267 2191 1562 2222 sanctimonialibus
1587 2203 1606 2222 a
1630 2191 1780 2222 carnibus
1806 2191 2049 2233 quadrupedum

415 2247 659 2279 abstinentibus.

522 2301 631 2331 XXX.
668 2300 720 2330 De
745 2299 840 2330 rebus
865 2298 1063 2329 tributalium
1088 2309 1151 2329 non
1176 2296 1396 2328 atrahentibus
1421 2297 1462 2328 ab
1488 2298 1647 2339 episcopis
1672 2297 1723 2328 vel
1747 2296 1928 2328 abbatibus.
2069 2308 2095 2326 40

522 2353 648 2383 XXXI.
684 2353 735 2383 De
768 2364 860 2382 servo
892 2352 1022 2382 alterius
1054 2352 1233 2382 ministrum
1266 2350 1403 2381 eclesiae
1434 2351 1563 2381 minime
1589 2350 1847 2381 constituendum
1870 2351 1932 2380 nisi
1957 2349 2049 2381 liber-

416 2412 512 2437 tatem
538 2417 700 2436 concessa.

523 2459 666 2490 XXXII.
702 2458 753 2489 De
780 2458 896 2499 legalia
920 2457 1108 2499 baptisteria
1132 2456 1364 2488 constituenda.

799 2546 856 2576 De
882 2546 942 2576 his

524 2610 538 2640 Ι
564 2610 645 2651 (33).
683 2609 734 2639 De
759 2608 885 2638 letaniis
910 2608 992 2638 infra
1017 2607 1298 2648 quadragesimam
1323 2606 1456 2648 singulis
1481 2606 1714 2637 ebdomadibus
1739 2606 1904 2637 faciendis.
2070 2624 2095 2642 45

954 2572 959 2585 ⁷
993 2557 1094 2587 quae
1119 2544 1375 2587 postmodum
1400 2544 1543 2575 addita
1567 2550 1668 2575 sunt.

525 2662 554 2692 11
581 2662 662 2701 (34).
698 2661 749 2691 De
775 2661 956 2691 reverentia
981 2665 1012 2690 et
1043 2659 1213 2690 devotione
1244 2660 1276 2690 in
1307 2659 1432 2690 letaniis
1457 2659 1596 2690 tenenda
1619 2658 1741 2701 absque
1766 2659 1902 2690 seculari
1926 2659 1996 2690 lusu
2021 2664 2051 2690 et

419 2716 554 2746 vestium
580 2720 701 2745 ornatu.

530 2808 536 2828 1
562 2802 716 2835 Decretum]
736 2804 853 2828 'situlum
868 2804 890 2827 V
907 2803 1044 2835 promittit
1065 2804 1094 2826 (ι’.
1169 2804 1201 2826 44
1222 2800 1273 2833 De]
1292 2802 1412 2826 'situlum
1427 2803 1463 2826 VI
1480 2803 1619 2834 praemittit
1639 2803 1669 2826 (l.
