2242 3085
105 701 129 719 10

105 966 128 984 15

101 1232 126 1251 20

100 1507 125 1526 25

101 1774 126 1792 30

102 2041 127 2059 35

101 2366 127 2385 40

101 2599 127 2617 45

566 115 616 142 36.
654 115 871 143 CONCILIUM
895 115 1223 147 AQUISGRANENSE
1247 118 1283 144 A.
1306 118 1378 145 816.
1731 118 1791 147 351

149 212 361 247 repugnationis
393 212 503 239 stimulo
535 213 705 240 delectatur.
753 213 858 240 Vitium
891 214 996 248 quippe
1029 218 1070 239 est
1102 215 1243 248 ponderis,
1277 225 1338 242 cum
1369 216 1466 242 humor
1495 217 1633 244 viscerum
1663 219 1698 244 ad
1722 219 1795 245 vires

150 265 263 297 labitur,
295 274 367 299 quae
399 266 527 300 profecto
560 275 620 293 cum
649 266 778 293 molestia
809 267 956 293 dedecoris
987 267 1187 293 intumescunt.
1234 269 1412 295 Ponderosus
1446 274 1489 296 est
1521 271 1568 305 qui
1597 271 1664 297 totis
1689 272 1794 306 cogita-

150 319 271 344 tionibus
295 319 331 344 ad
355 319 497 345 lasciviam
521 319 649 346 defluens
673 320 782 354 pondus
807 320 987 354 turpitudinis
1012 323 1107 354 gestat
1131 321 1159 346 in
1181 322 1264 348 corde
1283 326 1321 354 et,
1349 324 1473 356 quamvis
1490 333 1576 358 prava
1591 333 1646 350 non
1663 328 1796 351 exerceat

149 380 246 406 opere,
271 372 306 398 ab
329 372 371 398 his
396 375 490 399 tamen
514 382 569 399 non
595 373 726 399 evellitur
756 376 850 399 mente
883 382 935 399 nec
967 374 1002 399 ad
1026 382 1106 399 usum
1136 374 1201 400 boni
1232 376 1324 409 operis
1353 376 1380 402 in
1405 380 1502 411 apcrto
1526 377 1603 404 valet
1627 378 1792 413 adsurgere,

150 425 215 459 quia
238 428 336 459 gravat
360 425 432 452 hunc
456 426 484 452 in
509 426 611 452 abditis
636 426 744 460 pondus
768 430 862 460 turpe.
911 425 1043 460 Quisquis
1069 436 1134 461 ergo
1160 428 1287 461 quolibet
1315 429 1410 455 horum
1435 430 1502 456 vitio
1533 431 1674 465 subigitur
1705 440 1794 466 panes

149 478 267 504 Domino
292 478 393 505 offerre
417 479 592 514 prohibetur,
617 488 652 506 ne
678 479 805 514 profecto
831 479 938 506 diluere
965 480 1057 506 aliena
1081 480 1186 506 delicta
1210 490 1265 506 11011
1289 481 1383 508 valeat
1409 483 1440 510 is.
1466 492 1549 517 quem
1573 484 1664 510 adhuc
1684 485 1796 519 propria

150 532 307 558 devastant.
357 531 448 558 Cuml
473 533 603 559 sacerdos
628 542 683 559 non
708 533 766 567 agit
790 533 873 564 bona,
900 542 971 567 quae
996 533 1130 567 loquitur,
1157 534 1183 560 ei
1209 535 1292 560 etiam
1317 544 1406 561 sermo
1438 537 1621 570 subtrabitur,
1653 547 1688 563 ne
1720 538 1795 572 loqui

149 586 252 612 audeat
277 586 352 620 quod
376 595 430 612 non
455 590 597 621 operatur,
622 586 694 612 sicut
717 595 769 620 per
792 586 976 620 prophaetam
1001 587 1118 613 dicitur:
1146 586 1293 614 Peccatori
1316 592 1405 614 aldem
1431 589 1503 615 dizit
1525 589 1619 616 Deus.-
1646 590 1744 621 Quare
1768 596 1795 618 lu

149 648 271 665 enarras
295 638 412 666 iustitias
436 648 512 666 meas
535 643 560 665 et
575 639 698 665 adsumis
722 643 910 666 testamentum
935 649 1021 666 meum
1041 649 1097 676 per
1113 650 1143 667 os
1160 640 1256 667 luzan?
1292 641 1375 667 Unde
1402 645 1431 668 et
1455 643 1599 677 psalmista
1623 644 1795 678 deprecatur

149 692 261 718 dicens:
296 691 337 718 Et
365 701 399 718 ne
428 692 549 726 auferas
580 691 613 718 de
643 701 692 719 ore
722 701 779 719 meo
812 691 921 719 verbum
954 692 1077 720 veritatis
1109 703 1312 730 usquequaque.
1367 695 1524 730 Pcrpendit
1555 706 1686 731 namque,
1721 699 1794 732 quod

149 745 324 779 omnipotens
349 745 427 771 Deus
451 745 577 771 veritatis
602 745 717 771 verbum
742 745 912 772 facientibus
937 746 1036 772 tribuit
1062 750 1090 772 et
1114 755 1169 773 non
1193 747 1363 774 facientibus
1388 749 1471 775 tollit.
1513 749 1567 780 Qui
1593 759 1658 784 ergo
1683 751 1733 777 hoc
1759 752 1793 777 de

148 807 195 824 ore
225 807 275 824 suo
306 807 360 824 non
391 798 494 825 auferri
519 799 612 832 petiit,
645 799 711 833 quid
742 798 818 825 aliud
850 808 931 833 quam
963 800 1082 834 gratiam
1113 800 1203 827 bonae
1228 802 1400 835 operationis
1425 803 1574 836 quaesivit,
1614 804 1670 829 acsi
1695 808 1794 838 aperte

148 852 272 878 diceret:
300 851 335 877 ‘A
359 852 431 878 bono
456 860 542 886 opere
568 861 661 878 errare
685 861 729 879 me
754 861 809 879 non
833 853 917 885 sinas,
942 862 988 885 ne,
1016 854 1081 879 dum
1099 854 1195 880 amitto
1212 855 1337 881 ordinem
1354 855 1427 881 benc
1446 856 1568 888 vivendi,
1594 857 1793 883 rectitudinem

147 905 262 939 perdam
282 904 446 939 loquendi'?
481 905 652 939 Plerumque
678 906 784 938 doctor,
810 907 857 940 qui
882 907 984 933 docere
1010 907 1097 933 audet
1122 908 1196 941 quod
1220 908 1348 942 neglegit
1373 917 1469 943 agere,
1495 918 1556 935 cum
1581 910 1697 936 desierit
1721 911 1794 937 bona

148 958 234 992 loqui,
261 967 334 992 quae
359 958 469 992 operari
492 959 671 993 contempsit,
698 959 800 986 docere
825 960 968 986 subiectos
992 960 1090 994 incipit
1113 969 1209 995 prava,
1243 970 1314 995 quae
1340 962 1408 996 agit,
1440 966 1471 988 ut
1495 963 1568 989 iusto
1592 964 1793 998 omnipotentis

149 1011 204 1037 Dei
228 1011 329 1038 iudicio
353 1012 380 1037 in
404 1012 477 1038 bono
501 1012 554 1038 iam
578 1021 630 1038 nec
655 1012 777 1046 linguam
801 1013 905 1039 habeat
936 1014 983 1047 qui
1014 1014 1119 1040 habere
1152 1014 1252 1040 bonam
1276 1015 1359 1040 vitam
1391 1019 1514 1048 recusat,
1547 1019 1696 1050 quatenus,
1730 1017 1793 1043 dum

148 1073 225 1090 mens
258 1065 316 1090 eius
347 1068 460 1091 terreno
491 1074 583 1091 amore
615 1066 782 1098 intenditur,
815 1066 849 1092 de
882 1067 1003 1093 terrenis
1035 1067 1119 1093 rebus
1152 1077 1264 1102 semper
1295 1068 1436 1102 loquatur.
1485 1069 1568 1096 Unde
1593 1070 1621 1095 in
1647 1071 1793 1105 evangelio

147 1118 251 1144 veritas
276 1118 359 1144 dicit:
394 1117 443 1145 Ex
472 1118 647 1145 abundanlz'a
679 1119 750 1146 enim
782 1119 873 1146 cordis
904 1130 933 1147 os
964 1120 1092 1156 loquitur.
1140 1120 1238 1148 Bonus
1271 1121 1349 1148 homo
1377 1122 1410 1148 de.
1434 1121 1502 1149 bono
1527 1122 1657 1150 thesauro
1676 1124 1796 1159 profert

147 1170 228 1204 bona,
261 1175 285 1197 ct
315 1172 403 1198 malus
434 1171 512 1199 homo
544 1172 577 1199 de
601 1173 673 1199 malo
698 1172 828 1199 thesauro
854 1173 973 1209 profert
1002 1174 1087 1200 mala.
1134 1174 1208 1200 Hine
1235 1178 1263 1200 ct
1287 1174 1425 1201 Iohannes
1450 1176 1504 1201 ait:
1538 1175 1598 1212 Ipsi
1628 1177 1661 1203 (Ic
1692 1177 1793 1204 mundo

145 1228 217 1257 sunt,
243 1224 303 1251 ideo
327 1225 360 1251 dc
384 1225 485 1251 mundo
509 1225 667 1261 loquuntur.

252 1282 411 1312 XXVIII.
451 1282 665 1324 Pro-speri
705 1283 753 1314 de
792 1283 1087 1325 neglegentia
1126 1285 1402 1323 sacerdotis,
1444 1287 1515 1328 qui
1556 1287 1791 1319 doetrinae

145 1346 247 1366 suae
287 1335 457 1376 agendo
494 1336 726 1366 contraria
759 1348 993 1378 personam
1029 1349 1110 1368 nou
1145 1344 1295 1380 potest
1329 1339 1515 1381 implere
1553 1340 1790 1372 doctorum.

146 1392 298 1420 Recolite²
323 1402 399 1428 ergo,
427 1397 534 1428 quanta
557 1397 586 1420 et
612 1394 705 1428 qualia
728 1403 771 1421 me
797 1395 932 1421 audiente
958 1399 1043 1430 atque
1068 1397 1207 1430 probante
1233 1397 1328 1424 dicere
1346 1397 1479 1423 solebatis
1498 1399 1533 1424 de
1551 1399 1791 1426 administratione

144 1446 295 1481 pontificis,
328 1447 375 1481 qui
405 1447 502 1481 populi
533 1447 584 1473 sibi
617 1448 744 1473 conmissi
777 1457 843 1474 cura
873 1448 1037 1482 posthabita
1068 1450 1213 1475 ardentius
1243 1450 1317 1476 bona
1347 1451 1510 1485 praesentia
1541 1452 1685 1478 desiderat
1710 1462 1791 1486 quam

145 1500 239 1526 futura
270 1504 298 1526 et
330 1500 443 1533 oblitus,
481 1501 554 1534 quod
585 1509 640 1527 non
671 1500 759 1527 solum
791 1502 825 1527 de
859 1511 899 1534 se,
936 1502 986 1528 sed
1017 1502 1100 1528 etiam
1132 1503 1167 1529 de
1199 1512 1286 1538 grege
1319 1504 1370 1530 sibi
1396 1505 1503 1530 credito
1527 1505 1663 1532 rationem
1687 1507 1790 1540 pastori

145 1557 286 1587 pastorum
318 1554 436 1580 omnium
467 1554 579 1587 reddat,
617 1563 666 1580 sua
702 1563 869 1589 suorumque
903 1555 1073 1581 detrimenta
1103 1565 1159 1582 non
1190 1557 1306 1591 cogitet.
1361 1556 1451 1588 Quem
1482 1567 1537 1584 non
1568 1559 1791 1592 delinquentium

145 1611 264 1641 peccata
289 1607 455 1633 contristant
479 1616 531 1633 uec
556 1607 762 1642 proficientium
786 1608 860 1634 bona
883 1608 1050 1641 laetificant,
1083 1610 1134 1636 sed
1160 1610 1194 1635 de
1224 1619 1253 1636 se
1279 1614 1399 1639 tautum,
1431 1611 1596 1645 plerlunque
1622 1616 1715 1638 autem
1739 1622 1791 1639 nec

145 1660 180 1686 de
205 1669 234 1686 se
260 1660 369 1686 omnino
395 1660 540 1693 sollicitus,
568 1661 634 1695 quid
652 1670 667 1687 a
684 1662 740 1687 suis
764 1662 829 1687 boni
853 1662 953 1688 malive
978 1667 1104 1697 geratur,
1130 1663 1248 1697 ignorat.
1287 1662 1341 1694 Qui
1365 1673 1420 1689 non
1444 1665 1589 1698 praedicat
1606 1674 1791 1699 perseveran-

145 1714 212 1739 tiam
236 1713 326 1745 iustis,
351 1714 555 1747 paenitentiam
579 1715 682 1748 pravis,
716 1719 906 1749 contemptum
930 1717 1025 1742 mundi
1050 1716 1202 1748 conversis,
1233 1717 1342 1743 futuras
1366 1726 1471 1751 paenas
1496 1719 1610 1744 aversis.
1659 1718 1714 1749 Qui
1737 1728 1791 1745 11011

145 1770 240 1801 potcst
272 1767 366 1793 dicere
398 1768 638 1802 contemptoribus
671 1769 874 1795 ammonitionis
899 1778 982 1795 suae:
1017 1770 1163 1795 ‘Futurum
1188 1770 1312 1804 cogitate
1337 1770 1489 1803 iudicium’,
1522 1772 1596 1805 quod
1627 1772 1687 1807 ipse
1718 1772 1790 1799 forte.

1816 599 1849 619 Ps.
1857 599 1890 622 49,
1900 600 1931 619 16.

1815 706 1843 726 ib,
1852 706 1897 729 118,
1907 706 1939 726 43.

1814 1127 1891 1147 Matth.
1900 1128 1932 1151 12,

1837 1154 1868 1174 34.
1877 1154 1908 1174 35.

1814 1186 1831 1206 1.
1841 1185 1887 1206 Iob.
1896 1187 1915 1209 4,
1924 1185 1943 1206 5.

146 1829 201 1846 nou
226 1821 346 1855 cogitat;
372 1821 541 1847 amatoribus
566 1821 678 1847 muudi:
704 1821 796 1848 Nolite
820 1821 935 1858 diligere
958 1823 1099 1855 mumdum,
1125 1823 1147 1849 si
1172 1832 1235 1849 eum
1252 1824 1597 1857 mundia11101·0blectat;
1623 1826 1788 1852 ambitiosis:
1811 1834 1953 1856 1.10h.2,15.

148 1873 311 1900 ‘Ambitioni
335 1874 388 1900 iam
412 1874 497 1900 finem
521 1874 669 1908 inponite',
694 1875 717 1900 si
742 1884 805 1901 eum
829 1876 942 1902 ambitio
967 1876 1079 1902 ruinosa
1101 1877 1272 1911 praecipiat,
1299 1878 1430 1903 ebriosis:
1457 1878 1644 1905 ‘Ebrietatem
1669 1879 1789 1912 cavetc',

146 1927 167 1952 si
192 1935 221 1953 se
247 1936 322 1953 mero
354 1936 444 1961 usque
477 1928 511 1953 ad
543 1927 741 1954 alienationem
769 1929 870 1955 mentis
895 1929 1065 1963 ingurgitat3
1098 1931 1267 1964 sumptuosis
1298 1931 1418 1965 dapibus
1448 1932 1580 1965 gravidus
1612 1941 1666 1958 non
1697 1936 1791 1967 potest

147 1980 202 2006 suis
226 1980 424 2006 abstinentiam
448 1981 574 2013 laudare,
606 1990 687 2015 quam
712 1982 811 2008 calcat.
860 1982 936 2008 Vitio
968 1983 1129 2017 cupiditatis
1161 1984 1291 2009 addictus
1322 1985 1430 2018 cupidis
1460 1994 1580 2011 amorem
1612 1995 1666 2011 nou
1696 1989 1791 2020 potest

146 2033 308 2059 dissuadere
332 2034 482 2068 pecuniae.
528 2034 739 2061 Inimicitiarum
763 2040 849 2061 tenax
874 2045 928 2061 11011
954 2036 1059 2062 valebit
1090 2037 1194 2063 animos
1223 2037 1418 2063 dissidentium
1442 2038 1609 2064 sacerdotali
1634 2039 1790 2073 tranquilli-

146 2090 205 2112 tate
231 2095 400 2121 conponere.
447 2087 587 2114 Iustitiam
614 2088 779 2122 praedicare
811 2089 949 2115 iudicibus
980 2090 1132 2121 erubescit,
1166 2099 1247 2124 quam
1278 2091 1338 2124 ipse
1370 2100 1506 2124 personae
1534 2092 1665 2125 *potentis
1696 2092 1791 2118 favore

146 2140 306 2174 corrumpit,
338 2150 390 2167 nec
422 2141 551 2168 defendit
581 2150 741 2175 oppressos.
773 2142 795 2167 si
826 2151 960 2176 personas
992 2147 1041 2168 aut
1065 2143 1182 2169 honorat
1206 2148 1254 2169 aut
1279 2144 1399 2178 despicit
1432 2148 1460 2170 ct
1490 2145 1623 2179 quicquid
1648 2145 1712 2171 boui
1737 2155 1791 2171 non

147 2193 215 2219 facit
247 2196 295 2219 aut
326 2193 391 2220 mali
423 2195 571 2220 committit
601 2204 653 2221 nec
679 2195 788 2221 iubebit
818 2195 878 2222 fieri
910 2205 962 2222 nec
994 2196 1114 2228 vetabit,
1148 2197 1212 2230 quia
1242 2197 1428 2223 necessariam
1454 2197 1573 2224 docendi
1597 2199 1792 2225 auctoritatem

148 2247 365 2273 contrariaetate
390 2256 457 2274 suae
483 2248 599 2274 actionis
624 2248 727 2274 amittit
751 2252 799 2275 aut
823 2249 931 2275 minuit.

253 2359 366 2386 XXVII,
396 2361 410 2384 2
431 2358 508 2391 quae]
531 2361 595 2392 quia
614 2361 645 2385 R.
720 2363 734 2385 3
756 2361 867 2385 lascivia
888 2362 918 2386 L.
999 2362 1013 2386 6
1033 2361 1105 2386 valet
1126 2362 1156 2386 B.
1231 2361 1319 2394 quem]
1340 2368 1382 2395 qm
1405 2366 1446 2391 t:
1463 2363 1602 2395 quoniam)
1625 2364 1657 2388 B.
1731 2373 1791 2396 pro-

147 2405 220 2435 priae
241 2404 271 2428 L.
364 2405 377 2428 7
399 2402 550 2436 devastant]
572 2406 710 2429 devertant
729 2406 761 2431 B,
845 2403 911 2437 agit]
932 2407 969 2430 ait
989 2406 1020 2430 It.
1101 2404 1184 2438 loqui]
1208 2407 1298 2438 eloqui
1319 2408 1354 2431 JI.
1449 2410 1479 2432 10
1500 2407 1617 2438 auferas]
1641 2409 1737 2433 offeras
1759 2410 1789 2433 B.

149 2450 179 2472 12
200 2445 298 2479 bonae]
318 2449 386 2472 bene
408 2449 438 2472 B.
532 2450 563 2473 13
584 2448 682 2481 errare]
706 2451 779 2475 eradi
799 2450 833 2474 M.
922 2452 951 2475 17
974 2451 1096 2475 indendit
1118 2451 1152 2475 .1Ῑ.
1246 2453 1277 2475 18
1298 2450 1472 2483 abundantia]
1493 2453 1680 2477 habundantia
1701 2454 1732 2478 B.
1754 2454 1789 2477 ill.

147 2490 185 2524 os]
205 2493 252 2516 lios
274 2493 305 2517 B.
382 2494 411 2517 19
433 2493 504 2517 Hinc
525 2491 560 2524 et]
582 2495 653 2518 llinc
674 2494 709 2518 M.
784 2496 817 2519 20
837 2492 909 2525 ideo]
930 2495 962 2519 de
984 2496 1082 2519 mundo
1103 2498 1164 2520 sunt
1185 2496 1246 2520 ideo
1266 2496 1326 2520 add.
1346 2496 1377 2520 L'.
1453 2497 1579 2521 locuntur
1598 2497 1631 2521 L.

252 2546 382 2570 XXVIII.
413 2547 445 2570 24
464 2546 571 2578 populis
592 2547 621 2570 l).
690 2549 833 2572 commissa
854 2548 883 2572 L.
958 2550 990 2573 28
1011 2547 1120 2579 malive]
1143 2549 1262 2573 malitiae
1283 2549 1314 2573 B.
1383 2554 1491 2581 gemtor
1512 2550 1542 2574 Β.
1616 2552 1648 2575 29
1670 2552 1721 2580 Qui
1742 2560 1789 2574 ras.

145 2590 192 2614 del.
212 2590 244 2614 B.
309 2592 339 2614 31
362 2589 446 2621 amor]
468 2594 573 2615 amatur
592 2591 624 2615 11.
689 2593 823 2616 ambitiosi
844 2593 876 2616 B.
941 2594 974 2617 32
995 2593 1093 2617 ebriosi
1113 2594 1145 2617 B.
1212 2595 1243 2618 34
1265 2592 1398 2625 addictus]
1420 2595 1552 2619 adductus
1572 2596 1604 2619 B.
1669 2597 1701 2619 36
1722 2596 1788 2619 iudi-

146 2635 218 2659 tibus
238 2634 270 2658 ]1'.
344 2636 418 2666 ipsae
440 2635 470 2658 B.
545 2636 576 2659 37
598 2643 759 2667 oppraessus
779 2636 811 2660 B.
885 2638 918 2661 38
938 2638 1059 2662 vaetabit
1079 2638 1110 2662 R.

257 2734 283 2767 l)
312 2734 360 2761 Ex
386 2734 524 2771 Grcyorin
551 2733 603 2768 M„
631 2734 757 2762 Moralia
782 2735 831 2762 XI
850 2746 872 2763 c,
890 2737 927 2765 15
951 2732 974 2774 §³
989 2738 1045 2769 23,-
1072 2736 1144 2773 Opp.
1170 2737 1193 2771 L
1219 2739 1281 2766 374
1293 2748 1334 2774 sq.
1430 2738 1458 2764 ‘li
1486 2738 1611 2765 lulianus
1636 2738 1788 2769 pomerius.

149 2787 192 2814 Dc
216 2787 271 2814 vita
296 2787 508 2823 contemplativa
536 2787 553 2813 I
572 2788 667 2821 c.15;
699 2788 771 2824 Opp.
798 2788 934 2825 Prosperi
957 2790 1080 2826 append.
1106 2791 1150 2818 13.
