2242 3085
301 925 321 942 [s
338 925 372 948 5⁸,
381 926 400 943 9.

422 128 484 157 338
838 130 887 156 39.
926 130 1140 157 CONCILIUM
1166 129 1492 160 AQUISGRANENSE
1517 129 1552 155 A.
1575 129 1647 156 816.

420 228 565 259 mirantur,
601 228 651 254 sed
687 232 838 261 penetrare
869 230 1026 261 nequeunt.
1083 227 1296 261 Obstupescunt
1333 227 1405 253 enim
1441 235 1513 260 quae
1548 235 1602 252 non
1638 227 1819 261 intellegunt.
1872 225 1946 253 Ille¹
1975 229 2063 255 modis

421 279 547 306 omnibus
572 281 659 306 debet
685 281 719 306 ad
746 280 901 314 exemplum
926 280 1036 305 vivendi
1061 280 1197 314 pern-ahi,
1223 280 1270 314 qui
1294 280 1402 305 cunctis
1427 280 1516 305 carnis
1539 279 1715 313 passionibus
1739 280 1858 306 moriens
1882 280 1935 306 iam
1951 281 2062 315 spirita-

421 334 486 359 liter
510 333 588 365 vivit,
620 333 667 366 qui
699 342 834 367 prospera
864 333 958 358 mundi
984 333 1153 366 postposuit,
1186 333 1230 367 qui
1263 333 1339 358 nulla
1363 333 1481 358 adversa
1504 333 1688 366 pertimescit,
1721 333 1768 367 qui
1796 333 1854 359 sola
1878 333 1989 360 interna
2013 335 2062 361 de-

421 387 538 415 siderat,
564 386 640 412 cuius
665 386 815 412 intentioni
840 386 913 412 bene
946 394 1103 419 congruens
1134 395 1186 411 nec
1211 386 1320 411 omnino
1345 394 1396 419 per
1424 385 1637 411 inbecillitatem
1660 395 1713 412 nec
1736 386 1818 412 valde
1843 396 1895 420 per
1918 391 2062 413 contume-

422 439 483 465 liam
512 448 612 473 corpus
641 443 791 473 repugnat.
840 438 904 473 Ipse
929 439 1105 464 nihilomiuus
1129 440 1164 464 ad
1190 439 1358 473 dignitatem
1383 438 1530 472 pastoralis
1554 438 1638 464 officii
1664 439 1753 465 debet
1777 439 1903 473 provehi,
1935 438 2004 474 qui2
2028 441 2063 466 ad
2082 449 2094 468 5

421 492 513 518 aliena
538 492 677 526 capienda
699 500 752 517 non
778 492 899 522 ducitur,
926 492 975 517 sed
1000 492 1113 525 propria
1136 492 1263 526 largitur,
1290 492 1336 525 qui
1361 500 1413 525 per
1437 491 1551 525 pietatis
1568 491 1677 517 viscera
1697 492 1779 517 citius
1803 492 1838 518 ad
1862 492 2063 526 ignoscendum

421 545 554 575 flectitur,
588 545 638 571 sed
669 554 723 570 non
755 544 817 578 plus
850 553 931 578 quam
963 545 1047 570 decet
1072 545 1219 578 ignoscens
1244 545 1279 570 al)
1304 553 1367 571 arce
1392 544 1570 570 rectitudinis
1594 544 1754 576 inclinatur,
1787 545 1832 579 qui
1857 545 1934 571 nulla
1957 546 2064 572 inlicit-a

420 602 578 632 perpetrat,
611 598 660 623 scd
686 601 851 631 perpetrata
874 598 909 623 ab
933 598 993 623 aliis
1018 601 1047 623 ut
1072 598 1184 632 propria
1208 598 1348 631 deplorat,
1382 597 1428 630 qui
1462 606 1494 623 cx
1525 597 1630 623 affectu
1661 598 1751 623 cordis
1776 598 1884 624 alienae
1910 598 2064 626 infirmitati

421 651 590 685 compatitur
613 651 709 684 sicque
734 651 761 676 111
786 651 864 676 bonis
889 651 1003 684 proximi
1027 651 1099 676 sieut
1124 651 1151 676 in
1175 651 1231 676 suis
1255 650 1435 684 provectibus
1461 650 1592 676 laetatur.
1636 650 1681 676 Ad
1706 651 1873 685 dignitatem
1897 651 2063 686 pontificalis

422 704 607 730 excellentiae
632 707 710 730 recte
735 704 865 737 pervenit
890 701 960 737 qui³³
983 704 1022 729 ita
1045 713 1075 729 se
1101 703 1264 730 imitabilem
1289 703 1392 729 ceteris
1414 703 1441 728 in
1459 703 1576 735 eunctis,
1602 712 1674 737 quae
1692 704 1761 738 agit,
1786 704 1918 736 insinuat,
1943 709 1973 731 ut
1991 705 2064 732 inter
2085 714 2109 732 ιο

422 766 468 783 eos
492 766 547 783 non
571 757 675 783 lrabeat
701 757 774 790 quod
799 756 890 782 saltim
914 757 949 782 de
974 757 1122 782 transactis
1148 757 1308 788 erubeseat,
1336 757 1383 790 qui
1401 756 1439 781 sic
1457 756 1553 782 studet
1572 756 1676 789 vivere,
1702 760 1734 782 ut
1750 757 1934 790 proximorum
1951 767 2063 792 quoque

421 811 505 836 corda
529 810 639 836 arentia
663 810 807 835 doctrinae
833 810 926 835 valeat
950 809 1063 835 fluentis
1088 810 1219 843 inrigare,
1252 810 1298 843 qui
1323 809 1454 835 orationis
1479 818 1530 834 usu
1556 809 1748 843 experimento
1772 810 1824 835 iam
1849 810 1956 843 didicit,
1989 812 2063 845 quod

421 863 550 889 obtinere
575 872 591 889 a
608 863 725 889 Domino
750 872 821 896 quae
847 863 1006 896 poposcerit
1022 863 1121 896 possit,
1146 862 1190 888 cui
1207 871 1259 896 per
1276 862 1394 888 affectus
1411 862 1451 887 sui
1476 871 1573 888 vocem
1590 862 1643 888 iam
1661 863 1739 896 quasi
1758 863 1920 896 specialiter
1944 864 2062 890 dicitur:

422 916 520 942 Adhuc
543 917 669 952 loquente
693 919 724 947 te,
751 915 851 947 (licam,
878 925 937 941 eece
961 915 1067 942 adsum.
1106 916 1133 941 Si
1159 915 1276 941 fortasse
1303 916 1448 949 quisquam
1474 915 1578 947 veniat,
1604 919 1635 941 ut
1659 924 1708 949 pro
1733 925 1762 942 se
1780 916 1814 942 ad
1831 916 2063 943 intercedendum

421 978 470 995 nos
495 969 568 1003 apud
593 972 738 1003 potentem
764 969 921 1002 quempiam
946 969 1043 1000 virum,
1070 969 1116 1002 qui
1141 969 1192 994 sibi
1217 969 1314 1001 iratus⁷
1344 969 1424 995 nobis
1448 978 1513 994 vero
1539 973 1580 994 est
1612 969 1778 1003 incognitus⁷
1811 970 1905 1000 ducat,
1937 971 2064 1004 protinus
2085 978 2108 996 1⁵

420 1022 638 1055 respondeums:
677 1022 732 1047 ‘Ad
764 1022 997 1047 intercedendum
1029 1022 1124 1047 venire
1156 1030 1210 1047 non
1241 1031 1397 1056 possumus⁷
1434 1022 1500 1055 quia
1530 1021 1726 1048 familiaritatis
1759 1023 1817 1049 eius
1852 1023 1979 1049 notitiam
2009 1033 2064 1050 uon

422 1074 577 1101 liabemus’.
621 1074 649 1100 Si
675 1083 740 1108 ergo
766 1075 844 1100 liomo
869 1074 944 1108 apud
969 1074 1118 1106 homiuem,
1151 1075 1186 1100 de
1219 1083 1273 1108 quo
1298 1075 1408 1101 minime
1433 1075 1596 1108 praesumit,
1629 1074 1690 1102 fieri
1718 1076 1887 1102 intercessor
1912 1077 2063 1109 erubescit,

421 1137 476 1162 qua
499 1132 593 1154 mente
619 1128 693 1161 apud
719 1128 866 1153 Dominum
891 1128 1100 1153 intercessionis
1124 1127 1213 1153 locum
1237 1137 1287 1162 pro
1311 1128 1416 1162 populo
1440 1128 1537 1162 arripit
1563 1128 1609 1161 qui
1633 1128 1797 1154 familiarem
1821 1138 1851 1155 se
1873 1130 1932 1155 eius
1955 1131 2063 1164 gratiae

421 1190 483 1207 csse
508 1190 559 1215 per
582 1181 657 1206 vitae
682 1181 811 1207 meritum
837 1181 946 1206 nescit?
993 1181 1052 1206 Aut
1077 1181 1112 1206 ab
1138 1190 1170 1207 eo
1196 1181 1332 1215 quomodo
1364 1181 1424 1206 aliis
1449 1181 1558 1207 veniam
1586 1181 1711 1215 postulat
1744 1182 1800 1216 qui,
1831 1186 1924 1208 utrum
1953 1183 2004 1209 sibi
2029 1184 2063 1209 sit

419 1234 558 1268 placatus,
590 1234 721 1267 ignorat?
769 1233 831 1264 Qua
862 1234 888 1259 in
920 1243 949 1259 re
982 1239 1025 1259 est
1058 1234 1148 1259 adhuc
1180 1234 1254 1259 aliud
1287 1234 1432 1260 sollicitius
1460 1234 1674 1267 formidandum7
1706 1244 1741 1261 ue
1774 1235 1820 1269 qui
1845 1235 1957 1269 placare
1981 1245 2063 1270 posse
2085 1243 2109 1262 20

420 1288 486 1313 iram
511 1287 635 1313 creditur
659 1287 729 1312 hanc
755 1287 814 1320 ipse
841 1295 874 1312 ex
899 1287 1008 1321 proprio
1034 1290 1115 1313 reatu
1139 1290 1290 1313 mereatur.
1339 1287 1440 1313 Cuncti
1463 1287 1569 1321 liquido
1598 1288 1733 1319 novimus,
1766 1289 1840 1322 quia,
1874 1298 1936 1314 eum
1960 1289 1992 1322 is⁷
2018 1290 2064 1323 qui
2104 1285 2108 1289 ”

421 1341 562 1374 displicet,
589 1341 624 1366 ad
649 1340 883 1366 intercedendum
907 1340 1037 1369 mittitur,
1062 1340 1125 1366 irati
1150 1341 1256 1366 animus
1281 1341 1316 1366 ad
1340 1341 1483 1366 deteriora
1506 1344 1682 1374 provocatur.
1723 1340 1778 1371 Qui
1802 1342 1892 1367 adhuc
1918 1342 2064 1369 desideriis

421 1394 540 1419 terrenis
577 1393 762 1427 adstringitur
793 1397 903 1423 caveat,
939 1402 973 1419 ne
1007 1394 1126 1419 districti
1159 1394 1226 1419 iram
1258 1393 1355 1419 iudicis
1387 1394 1498 1427 gravius
1530 1394 1699 1425 accendens,
1732 1395 1796 1420 dum
1820 1395 1880 1421 loco
1905 1395 2065 1421 delectatur

419 1447 535 1481 gloriae,
560 1446 609 1472 fiat
634 1447 754 1472 subditis
779 1450 876 1472 auctor
900 1446 1006 1472 ruinae.
1044 1444 1201 1473 Sollerter⁴
1226 1456 1255 1472 sc
1282 1447 1398 1481 quisque
1424 1447 1567 1479 metiatur7
1592 1455 1628 1473 ne
1652 1447 1743 1473 locum
1758 1448 1900 1481 regiminis
1917 1449 2063 1476 adsumere

420 1501 534 1529 audeat,
559 1500 582 1525 si
606 1500 696 1526 adhuc
722 1500 748 1525 in
773 1509 803 1526 se
828 1500 924 1525 vitium
951 1500 1148 1526 damnabiliter
1172 1504 1282 1534 regnat,
1307 1509 1342 1526 ne
1368 1500 1400 1532 is,
1427 1509 1509 1534 quem
1527 1500 1630 1527 crimen
1647 1501 1784 1534 depravat
1799 1502 1951 1535 proprium,
1976 1502 2063 1528 intcr-
2084 1508 2109 1526 25

421 1562 514 1579 cessor
538 1552 597 1579 fieri
623 1556 741 1587 appetat
765 1562 815 1586 pro
841 1552 929 1586 culpis
954 1553 1080 1578 aliorum.

527 1627 656 1658 XIIII&
687 1626 918 1668 Gregorii,
950 1633 993 1658 ut
1017 1627 1195 1669 indigni
1220 1633 1351 1669 atque
1376 1628 1577 1670 imperiti
1603 1628 1652 1658 ad
1677 1628 1905 1670 pastorale
1930 1631 2063 1671 magi-

421 1688 485 1711 ste
498 1681 532 1710 ri
544 1692 605 1710 11111
631 1692 648 1711 a
661 1692 676 1711 C
690 1692 705 1711 e
718 1692 734 1710 Ο
747 1680 767 1711 (l
779 1693 794 1710 e
806 1692 822 1710 1·
833 1692 849 1710 e
875 1692 894 1710 11
907 1692 924 1711 o
936 1693 956 1710 n
981 1692 1000 1722 p
1013 1693 1026 1711 l·
1038 1692 1055 1710 a
1068 1692 1084 1711 O
1097 1692 1110 1711 S
1122 1692 1183 1711 um
1195 1692 1213 1711 a
1225 1693 1244 1711 n
1256 1686 1276 1712 t.
1314 1686 1384 1711 Sunt
1396 1684 1407 1701 '⁵
1431 1686 1558 1720 plerique
1576 1689 1728 1720 pastorum⁷
1755 1687 1811 1721 qui,
1837 1687 1902 1713 dum
1918 1688 2010 1713 metiri
2034 1697 2063 1714 se

420 1739 558 1767 nesciunt.
586 1747 657 1772 quae
683 1748 737 1764 non
762 1739 921 1764 didicerunt
947 1739 1048 1764 docere
1074 1739 1284 1772 concupiscunt,
1312 1739 1357 1773 qui
1382 1740 1498 1773 pondus,
1515 1739 1668 1773 magisterii
1693 1743 1772 1765 tanto
1796 1739 1885 1766 levius
1902 1741 2063 1773 aestimant,

422 1795 527 1825 quanto
552 1792 605 1817 vim
629 1791 829 1824 magnitudinis
855 1792 927 1817 illius
951 1792 1090 1826 ignorant,
1121 1789 1184 1820 111-7,
1211 1793 1276 1826 quia
1299 1792 1405 1817 indocti
1429 1801 1460 1818 ac
1484 1792 1655 1826 praecipites
1679 1793 1822 1819 doctrinae
1847 1802 1940 1819 arcem
1964 1797 2062 1820 tenere
2084 1800 2108 1818 30

421 1848 571 1879 appetunt,
596 1854 612 1870 a
636 1844 876 1878 praecipitationis
900 1854 966 1870 suae
992 1845 1105 1870 ausibus
1129 1845 1156 1870 111
1180 1845 1241 1879 ipsa
1264 1845 1410 1871 locutionis
1435 1846 1517 1871 ianua
1540 1845 1725 1879 repellantur.
1773 1844 1878 1872 Nulla*¹
1902 1855 1945 1872 ars
1969 1847 2063 1873 doceri

420 1898 618 1933 praesumitur.
652 1898 702 1923 nisi
736 1898 846 1923 intenta
877 1898 952 1931 prius
983 1898 1168 1924 meditatione
1201 1899 1334 1924 discatur.
1382 1898 1427 1923 Ab
1459 1899 1593 1932 imperitis
1619 1907 1685 1932 ergo
1709 1901 1849 1933 pastorale
1874 1899 2063 1933 magisterium

422 1960 477 1986 qua
501 1951 663 1977 temeritate
689 1950 849 1984 suscipitur,
876 1951 987 1984 quando
1013 1960 1056 1976 ars
1082 1954 1124 1977 est
1149 1952 1249 1976 artium
1274 1952 1399 1985 regimen
1423 1951 1597 1977 animarum?
1646 1950 1714 1981 Quis
1745 1956 1839 1978 autem
1864 1953 2063 1986 cogitationum

421 2006 537 2030 vulnera
561 2004 713 2030 occultiora
738 2013 799 2030 esse
825 2004 932 2029 nesciat
956 2004 1117 2030 vulneribus
1142 2004 1300 2030 viscerum?
1348 2005 1384 2029 Et
1416 2008 1510 2030 tamen
1542 2013 1628 2038 saepe
1655 2005 1702 2038 qui
1726 2014 1904 2038 nequaquam
1928 2005 2064 2039 spiritalia

420 2060 574 2091 praccepta
610 2060 801 2091 cognoverunt
834 2057 923 2082 cordis
954 2066 984 2083 se
1017 2057 1139 2083 medicos
1171 2056 1296 2091 profiteri
1328 2066 1382 2083 non
1414 2061 1554 2085 metuunt,
1590 2058 1655 2083 dum
1692 2058 1738 2091 qui
1773 2058 1978 2092 pigmentorum
2009 2059 2063 2084 vim
2082 2065 2107 2083 35

526 2205 604 2228 XIII.
634 2206 648 2228 ⁴2
669 2205 769 2235 pertrui
790 2204 820 2228 L.
889 2206 903 2227 4
924 2202 1142 2234 inbecillitatem]
1163 2205 1272 2236 spiritus
1292 2205 1351 2228 add.
1372 2205 1406 2230 M.
1476 2206 1490 2228 6
1511 2202 1624 2235 ducitur]
1644 2205 1742 2229 dicitur
1761 2205 1792 2231 B,
1860 2203 2062 2237 ignoscendum]

421 2249 637 2280 cognoscendum
659 2249 688 2272 L.
781 2250 793 2272 T
816 2246 887 2277 arce]
911 2249 990 2272 arche
1010 2249 1040 2272 L.
1133 2250 1148 2272 8
1169 2249 1291 2280 deploret
1311 2249 1342 2273 B.
1434 2250 1448 2273 9
1470 2250 1634 2281 profectibus
1656 2249 1686 2273 L.
1706 2250 1741 2273 JL
1834 2252 1864 2274 10
1885 2247 1950 2282 agit]
1972 2251 2008 2274 ait
2028 2251 2058 2274 R.

422 2295 451 2317 17
474 2296 626 2324 praesumet
649 2293 677 2316 Β.
765 2294 796 2316 18
817 2290 973 2323 Dominum]
993 2293 1079 2316 Deum
1101 2293 1136 2319 M,
1224 2295 1254 2317 19
1275 2291 1317 2324 ab]
1337 2293 1388 2317 hab
1410 2293 1440 2316 R.
1526 2294 1556 2317 21
1580 2294 1705 2317 credatur
1723 2293 1755 2317 Β.
1841 2292 1914 2325 quia]
1934 2295 1979 2326 qui
1998 2303 2059 2319 corr.

420 2346 498 2369 quam
520 2337 549 2360 L.
623 2338 655 2361 22
676 2338 759 2360 iratus
781 2337 812 2360 Β.
886 2338 918 2360 23
939 2337 1072 2361 accedens
1092 2337 1124 2362 L.
1197 2339 1230 2361 25
1251 2335 1281 2368 is]
1301 2337 1341 2361 liis
1361 2337 1391 2361 L.
1415 2338 1443 2361 Β.

526 2390 616 2413 XIIII.
647 2391 678 2413 29
700 2390 858 2413 111-(1160111111
878 2390 907 2413 L.
987 2391 1020 2414 30
1048 2388 1085 2420 ut]
1107 2393 1132 2414 et
1151 2391 1187 2414 Jl.
1268 2388 1365 2420 arcem]
1387 2391 1493 2414 art-hem
1514 2391 1546 2416 B.
1634 2393 1662 2414 :51
1689 2390 1845 2422 repelautur
1863 2391 1894 2415 R.
1915 2392 1947 2421 B,
1976 2391 2060 2423 repel-
2080 2396 2106 2414 «10

421 2434 508 2457 lentur
528 2434 562 2457 Jl.
637 2432 689 2463 ars]
711 2434 770 2457 lnars
789 2434 828 2457 liic
847 2438 869 2457 cc
888 2434 958 2465 infra
977 2434 1009 2458 B.
1084 2436 1116 2457 35
1137 2432 1210 2464 dum]
1234 2438 1258 2458 et
1277 2443 1288 2457 c
1307 2443 1368 2458 corr.
1389 2434 1420 2458 Β.

530 2577 557 2608 1)
585 2576 634 2603 Ex
659 2576 798 2612 (r'reynrio
822 2577 875 2609 ]Ι[.,
908 2577 1017 2613 Heyula
1036 2581 1147 2612 pastor.
1173 2577 1192 2603 I
1212 2578 1305 2609 c.1();
1343 2576 1414 2612 Opp.
1436 2577 1474 2610 II,
1500 2579 1546 2607 10.
1654 2578 1683 2611 2)
1710 2578 1759 2605 Ex·
1784 2576 1923 2614 Greyorz'o
1949 2578 2001 2612 M„
2026 2578 2059 2605 ib.

420 2629 439 2655 Ι
459 2639 480 2655 c.
503 2631 553 2661 l();
578 2630 595 2656 ἶ.
613 2630 630 2655 Z.
656 2629 694 2662 ll,
722 2630 766 2658 10.
853 2629 882 2661 3)
912 2629 959 2656 Em
977 2628 1116 2665 Grefyorio
1136 2629 1186 2662 M„
1212 2629 1245 2656 ih.
1264 2629 1284 2656 Ι
1303 2639 1324 2656 c.
1343 2631 1397 2661 10;
1422 2631 1438 2656 l.
1457 2631 1474 2656 Ι.
1493 2630 1532 2664 II,
1552 2632 1589 2659 1()
1601 2640 1641 2667 sq.
1728 2630 1757 2663 4)
1784 2631 1833 2658 Ea:
1851 2630 1989 2668 Greyorio
2007 2631 2060 2665 M,

420 2682 453 2709 ib.
481 2682 499 2708 I
518 2683 612 2715 c.11;
644 2683 660 2708 l.
680 2683 696 2708 l.
723 2682 761 2714 II,
788 2683 832 2709 11.
938 2682 967 2715 5)
995 2682 1079 2710 0214
1097 2693 1137 2704 z
1164 2682 1231 2708 Tain
1256 2683 1287 2709 II
1309 2692 1330 2709 e.
1349 2684 1404 2715 37‚·
1440 2683 1533 2716 lesco,
1559 2684 1576 2710 l.
1602 2684 1619 2710 l.
1645 2683 1757 2717 XXXI,
1782 2684 1840 2711 318
1852 2693 1911 2719 sqq.
1937 2680 2058 2720 (Mi-qne,

420 2736 437 2761 l.
463 2736 479 2761 l.
508 2735 630 2768 LXXX,
663 2736 723 2762 832
736 2732 819 2770 sqq-J.
935 2734 964 2767 6)
999 2734 1047 2761 Ex
1072 2734 1212 2771 Greyorio
1239 2735 1290 2768 AL,
1323 2736 1433 2772 Refflzla
1456 2740 1566 2772 pastor.
1592 2736 1831 2772 lib.Ip⁷-0oe1n.‚·
1868 2735 1940 2772 Opp.
1966 2736 2004 2770 II,
2029 2738 2059 2765 2.
2078 2744 2104 2762 45

422 2788 450 2815 T)
477 2787 593 2814 Ibidem.
687 2787 717 2820 8)
744 2787 793 2814 Ex
819 2787 958 2823 (lrcynrz'o
984 2787 1036 2818 M,
1068 2787 1101 2814 ib.
1128 2787 1147 2813 Ι
1167 2797 1188 2814 1·.
1208 2789 1241 2820 1,·
1265 2789 1282 2814 l.
1301 2789 1318 2815 l.
1344 2788 1382 2822 II,
1407 2790 1436 2816 2.
