2242 3085
97 695 123 714 10

97 970 122 989 15

95 1237 123 1255 20

94 1501 121 1521 25

96 2052 122 2070 ³5

99 2732 125 2750 ⁴5

557 110 607 137 39.
644 110 859 138 CONCILIUM
883 109 1210 141 AQUISGRANENSE
1234 110 1272 137 A.
1293 110 1365 137 816.
1716 107 1777 138 347

140 211 240 246 gimus,
274 212 321 236 aut
354 208 426 235 tales
460 208 610 242 aliquando
640 208 752 240 fuimus,
787 208 840 234 etsi
871 208 924 234 iam
957 207 1050 233 divina
1080 208 1169 242 gratia
1192 212 1327 243 operante
1353 217 1407 234 non
1432 217 1534 240 sumus,
1566 211 1596 234 ut
1627 212 1706 234 tanto
1732 217 1778 235 eos

141 262 346 297 temperantius
381 262 465 288 corde
500 261 595 287 humili
631 261 809 295 corrigamus,
846 265 951 295 quanto
986 261 1171 294 nosmetipsos
1207 261 1299 287 verius
1334 261 1361 287 in
1397 261 1449 293 his,
1486 270 1554 295 quos
1587 261 1777 293 emendamus,

142 316 327 350 agnoscimus.
374 314 402 341 Si
426 323 476 341 nos
500 315 663 340 sacerdotes
687 314 759 340 tales
783 323 835 340 nec
859 322 952 339 sumus
976 323 1028 340 nec
1052 313 1162 346 fuimus,
1190 314 1287 348 quales
1311 314 1401 340 adhuc
1426 314 1464 340 illi
1489 318 1564 346 sunt,
1590 322 1657 348 quos
1683 323 1778 340 emcn-

142 369 209 395 dare
241 377 378 400 curamus,
410 377 445 394 ne
478 376 524 394 cor
547 371 672 394 nostrum
702 366 775 394 forte
807 367 952 401 superbiat
977 370 1005 393 ct
1030 367 1065 393 de
1090 367 1151 401 ipsa
1174 367 1335 393 innocentia
1358 367 1438 401 peius
1462 372 1535 400 ruat,
1568 376 1683 401 quorum
1707 367 1779 392 mala

142 422 311 456 corrigimus,
335 421 391 447 alia
414 430 509 447 eorum
532 421 606 446 bona
628 420 707 446 nobis
731 423 796 446 ante
821 420 915 446 oculos
939 428 1117 452 revocemus,
1144 429 1215 454 quae
1241 420 1262 445 si
1283 420 1392 446 omnino
1416 420 1493 446 nulla
1517 423 1592 453 sunt,
1617 420 1651 446 ad
1669 420 1779 446 occulta

141 475 196 502 Dei
219 475 321 501 iudicia
351 483 534 506 recurramus,
566 474 641 508 quia,
673 473 743 499 sicut
774 482 823 499 nos
854 473 937 498 nullis
961 473 1066 499 meritis
1090 473 1141 499 hoc
1166 473 1255 507 ipsum
1278 473 1390 505 bonum,
1423 474 1496 507 quod
1520 473 1665 505 habemus,
1697 482 1777 499 accc-

140 528 241 563 pimus,
265 528 306 554 ita
328 528 388 554 illos
413 536 523 562 quoque
547 530 643 561 potest
666 526 757 561 gratia
780 535 919 560 supernae
943 526 1056 552 virtutis
1079 526 1238 557 infundere,
1263 530 1293 551 ut
1320 526 1433 552 excitati
1457 526 1598 560 posterius
1617 527 1701 552 ctiam
1718 526 1778 560 ipsa

140 581 247 615 possint
271 581 354 614 bona,
381 589 453 615 quae
477 589 528 607 nos
552 583 618 606 ante
643 579 810 613 accepimus,
836 579 1012 613 praevenire.
1061 578 1129 609 Quis
1155 579 1227 605 enim
1251 579 1392 611 crederet,
1425 579 1498 613 quod
1530 588 1581 613 per
1605 579 1778 613 apostolatus

141 634 270 660 meritum
294 633 394 660 Saulus
417 634 570 668 lapidatum
595 632 769 667 Stephanum
792 641 993 666 praecursurus
1018 635 1088 664 erat,
1114 632 1161 666 qui
1177 632 1205 658 in
1220 635 1309 658 morte
1332 632 1391 658 eius
1408 631 1592 666 lapidantium
1609 632 1777 658 vestimenta

141 687 293 714 servabat?
339 687 391 713 His
423 695 488 721 crgo
519 686 636 720 primum
669 685 886 720 cogitationibus
917 685 1053 711 humiliari
1085 694 1131 711 cor
1161 685 1249 712 debet
1274 688 1302 711 et
1326 688 1394 711 tunc
1419 685 1528 711 (1011111111
1553 685 1777 719 delinquentium

141 740 305 775 iniquitates
329 741 485 774 increpare.

247 797 355 828 XXV.
391 796 561 828 Isidori
595 795 644 826 de
680 796 907 827 doctorum
943 795 1140 827 silentio.
1193 797 1269 826 Ρ1-ο1
1300 800 1370 826 malo
1401 800 1499 826 merito
1530 800 1620 834 plebis
1652 800 1778 826 aufertur

142 856 269 882 doctrina
291 854 524 889 praedicationis,
556 863 606 888 pro
629 854 702 880 bono
725 854 825 880 merito
849 854 989 880 audientis
1013 853 1146 879 tribuitur
1170 861 1258 879 sermo
1283 853 1413 879 doctoris.
1460 853 1492 879 In
1516 856 1659 887 potestate
1685 853 1778 879 divina

141 909 278 941 consistit,
303 909 346 935 eui
369 908 438 935 velit
454 908 533 934 Deus
551 907 695 934 doctrinae
720 907 836 933 verbnm
861 907 927 933 dare
952 906 998 933 vel
1022 906 1065 932 cui
1089 906 1211 939 auferre,
1238 910 1266 932 et
1290 906 1341 932 hoc
1366 910 1413 932 aut
1438 916 1487 941 pro
1512 907 1632 933 dicentis
1656 910 1703 933 aut
1728 916 1777 940 pro

141 961 280 988 audientis
304 961 336 987 fit
360 961 470 994 merito,
494 963 526 986 ut
550 961 630 986 modo
654 969 703 994 pro
728 960 811 994 culpa
834 960 924 994 plebis
949 959 1094 986 auferatur
1117 968 1206 986 sermo
1231 960 1361 992 doctoris,
1386 960 1466 985 modo
1490 969 1555 985 vcro
1579 969 1629 994 pro
1653 959 1775 985 utilitate

142 1015 257 1041 rectoris
288 1015 437 1041 tribuatur.
490 1014 562 1040 Nam
593 1016 621 1040 et
652 1014 742 1039 bonus
772 1013 855 1039 docet
886 1013 987 1039 bonum
1020 1016 1049 1039 et
1080 1013 1167 1039 malus
1199 1013 1300 1039 malum
1332 1016 1360 1039 et
1389 1013 1478 1039 bonus
1511 1013 1612 1038 malum
1637 1016 1665 1039 et
1690 1013 1777 1039 malus

143 1068 256 1101 bonum,
287 1068 361 1102 quod
392 1071 487 1094 tamen
516 1066 548 1093 fit
578 1067 656 1093 iuxta
686 1067 816 1093 melitum
847 1066 1021 1100 populorum.
1067 1066 1130 1092 Non
1161 1067 1253 1092 omnia
1285 1069 1413 1100 tempora
1444 1070 1600 1100 congruunt
1633 1067 1776 1092 doctrinae

144 1121 297 1148 secundum
321 1120 474 1147 Salomonis
498 1120 668 1147 sententiam
693 1120 829 1146 dicentis:
869 1119 894 1145 T
893 1128 985 1155 empus
1009 1118 1120 1146 tacendi
1143 1123 1168 1146 el
1191 1123 1295 1155 tempus
1318 1118 1455 1155 loquendi.
1503 1119 1565 1145 Non
1590 1119 1703 1153 quidem
1727 1128 1778 1153 per

143 1175 280 1207 timorem,
312 1177 356 1201 set
387 1183 439 1208 per
470 1173 666 1200 discretionem
697 1176 814 1207 propter
844 1172 977 1198 malorum
1001 1172 1216 1207 incorrigibilem
1240 1173 1417 1206 iniquitatem
1441 1181 1646 1207 nonnumquam
1672 1172 1777 1199 electos

141 1231 294 1264 oporteta
317 1227 444 1253 doctrina
467 1235 588 1253 cessare.
634 1226 780 1252 Interdum
805 1226 933 1252 doctores
959 1225 1094 1251 ecclesiae
1120 1225 1212 1251 calore
1237 1225 1360 1251 caritatis
1385 1226 1518 1251 ardentes
1547 1226 1737 1251 conticescunt
1762 1235 1778 1251 a

1797 631 1824 651 cf.
1832 631 1882 651 Act.
1890 631 1908 655 7,
1918 631 1950 652 57.

1836 658 1868 682 -22,
1878 658 1910 678 20.

1798 1126 1870 1147 Eccle.
1878 1126 1897 1150 5,
1907 1126 1927 1146 7.

141 1281 277 1313 docendo,
303 1281 369 1315 quia
390 1289 446 1306 non
471 1283 514 1306 est
539 1280 586 1314 qui
610 1280 716 1312 audiat,
748 1282 872 1306 testante
897 1279 1070 1313 prophaeta:
1106 1277 1235 1305 Civitates
1258 1277 1356 1305 Austri
1382 1279 1494 1305 clausae
1517 1282 1588 1311 sunt,
1614 1282 1639 1304 et
1661 1287 1715 1305 non
1741 1282 1780 1305 est
1797 1285 1952 1310 1e1·em.13,19.

140 1333 188 1370 qui
210 1333 330 1370 aperiat.
367 1332 422 1364 Qui
446 1333 565 1360 docendi
589 1333 701 1367 accepit
725 1332 846 1359 officium
870 1333 1011 1358 interdum
1036 1332 1070 1358 ad
1095 1335 1206 1365 tempus
1230 1332 1305 1358 faeta
1328 1332 1443 1365 proximi
1465 1334 1569 1364 taceat,
1595 1340 1667 1365 quae
1685 1332 1777 1357 statim

141 1387 279 1422 corrigere
310 1395 489 1421 nequaquam
520 1386 669 1413 existimat.
716 1386 786 1412 Nam
810 1386 832 1411 si
857 1385 995 1420 corrigere
1020 1388 1115 1419 potest
1141 1388 1168 1411 et
1194 1385 1359 1417 dissimulat,
1392 1394 1487 1411 verum
1519 1388 1571 1417 est,
1606 1385 1679 1419 quod
1712 1393 1776 1411 con—

140 1449 252 1467 sensum
277 1440 375 1467 erroris
399 1439 483 1466 alieni
506 1439 620 1465 habeat.
668 1439 801 1473 Plerique
833 1439 923 1465 sancti
955 1439 1083 1464 doctores
1108 1446 1157 1472 pro
1180 1438 1245 1464 mali
1268 1438 1430 1472 pertinatia,
1460 1438 1525 1472 quia
1548 1439 1656 1472 iniquos
1682 1447 1776 1464 emen-

140 1494 206 1520 dare
231 1496 387 1528 nequeunt,
419 1493 460 1519 his
491 1496 587 1519 tacere
612 1492 773 1526 disponunt,
806 1493 856 1518 sed
888 1492 1007 1518 calorem
1032 1492 1155 1526 spirituS,
1187 1500 1241 1526 quo
1266 1494 1397 1525 aguntur,
1427 1491 1501 1517 ferre
1526 1500 1580 1517 11011
1605 1492 1776 1529 sustinentes

140 1547 240 1573 iterum
266 1547 292 1572 111
316 1546 536 1581 increpationem
559 1545 706 1580 prosiliunt
731 1545 884 1580 impiorum.

246 1612 371 1643 XXVI.
414 1612 646 1653 Prosperi,
690 1611 802 1653 quod
843 1611 955 1642 nihil
991 1611 1134 1652 prosit
1170 1610 1418 1649 sacerdoti,
1455 1611 1633 1641 etiamsi
1668 1611 1776 1641 bene

140 1666 281 1705 vivat,
307 1666 342 1696 si
366 1665 475 1696 male
499 1666 707 1696 viventes
732 1664 922 1695 tacendo
946 1675 1028 1694 11011
1052 1669 1218 1705 arguat.
1260 1666 1363 1698 Quod‘2
1387 1677 1452 1695 vcro
1477 1669 1544 1695 dicit
1569 1671 1720 1703 apostohw,
1747 1672 1776 1694 ut

141 1732 190 1750 nos
214 1724 327 1750 formam
351 1724 504 1750 debeamus
528 1723 660 1750 exhibere
685 1722 827 1755 fidelibus,
860 1723 926 1756 quid
951 1722 1066 1751 valebit,
1100 1722 1121 1747 si
1146 1722 1177 1751 isv
1207 1722 1250 1747 cui
1274 1722 1319 1748 vel
1345 1722 1489 1748 exortandi
1513 1723 1599 1748 bonos
1623 1722 1668 1748 vel
1693 1723 1775 1748 casti-

141 1777 224 1811 gandi
249 1776 334 1803 malos
366 1786 432 1803 cura
454 1777 597 1803 commissa
629 1779 682 1808 cst,
714 1776 787 1802 bene
813 1776 932 1801 vivendo
965 1784 994 1801 30
1026 1775 1188 1801 imitandum
1218 1775 1297 1801 bonis
1330 1775 1460 1801 exhibeat
1494 1779 1522 1801 et
1546 1776 1631 1802 malos
1656 1776 1776 1801 tacendo

141 1839 195 1856 non
219 1830 338 1865 arguat?
385 1830 430 1856 Ad
454 1830 505 1856 hoc
531 1830 613 1861 enim,
638 1830 690 1855 nisi
714 1839 757 1856 me
782 1829 854 1855 fallit
879 1829 980 1863 opiniov
1007 1832 1103 1854 sancto
1128 1829 1277 1855 vivendum
1301 1832 1343 1855 est
1373 1829 1522 1861 sacerdoti,
1554 1838 1589 1855 ne
1622 1830 1697 1855 (licta
1728 1838 1777 1855 sua

140 1883 363 1918 repugnantibus
387 1883 468 1909 factis
493 1886 621 1909 evacuet.
670 1882 698 1909 Si
731 1883 804 1917 quod
835 1882 979 1916 praedicat
1012 1882 1072 1908 fieri
1097 1882 1202 1908 debere
1226 1890 1281 1908 non
1305 1882 1389 1908 faciat
1414 1885 1462 1908 aut
1487 1883 1508 1908 si
1533 1883 1606 1916 quod
1630 1892 1684 1908 non
1709 1882 1775 1908 facit

140 1937 303 1971 praedicare
334 1936 564 1971 praesumpserit,
596 1936 663 1962 nihil
694 1936 769 1970 apud
802 1944 858 1968 cos,
892 1935 937 1969 (1111
971 1936 1029 1961 eius
1059 1936 1144 1961 vitam
1174 1943 1289 1967 novere,
1320 1935 1457 1969 proficiat,
1492 1936 1555 1969 quia
1585 1937 1620 1961 ad
1651 1936 1701 1961 hoc
1734 1940 1775 1961 cst

142 1989 277 2016 ecclesiae
303 1990 357 2016 Dei
381 1989 568 2024 praepositus,
593 1993 624 2014 ut
648 1998 703 2015 non
727 1989 814 2015 solum
837 1989 911 2015 benc
936 1989 1054 2015 vivendo
1079 1988 1146 2014 alios
1172 1988 1298 2022 exemplo
1316 1997 1382 2015 suae
1401 1989 1617 2015 conversationis
1635 1989 1773 2015 instituat.

141 2043 190 2070 sed
216 2043 298 2069 ctiam
322 2042 490 2069 fiducialiter
512 2042 701 2076 praedicando
726 2042 841 2077 singulis
866 2046 931 2068 ante
958 2041 1050 2068 oculos
1075 2045 1194 2075 peccata
1210 2051 1260 2067 sua
1280 2042 1442 2071 constituat,
1466 2051 1538 2076 quae
1556 2051 1647 2076 poena
1663 2047 1774 2068 mancat

141 2097 226 2129 duris,
252 2105 323 2131 quae
348 2096 435 2131 gloria
458 2095 683 2128 oboedientibus,
708 2096 850 2127 ostendat,
876 2095 978 2120 nullius
1002 2095 1120 2121 salutem
1146 2095 1315 2129 disper-ando
1340 2100 1532 2129 contempnat,
1557 2096 1661 2121 animas
1680 2104 1774 2122 emen-

141 2151 199 2176 dari
223 2149 377 2176 nolentium
400 2149 527 2184 plangat,
552 2149 676 2175 imitatus
701 2149 866 2183 apostolum,
893 2148 939 2182 qui
963 2148 1018 2174 ait:
1057 2147 1091 2174 U
1114 2148 1221 2183 lit-(seam
1246 2148 1342 2174 multos
1367 2157 1401 2174 esc
1433 2147 1482 2181 his,
1515 2147 1562 2184 qui
1591 2152 1656 2175 ante
1674 2157 1775 2184 pecca-

246 2297 342 2322 XXIV.
371 2298 386 2321 4
407 2294 450 2329 ne]
471 2305 521 2321 nec
540 2297 571 2321 L.
654 2294 741 2329 peius]
763 2298 789 2320 in
810 2298 886 2329 peius
907 2296 938 2321 B.
1021 2295 1142 2328 quorum]
1164 2305 1255 2321 corum
1276 2297 1308 2321 B.
1391 2298 1404 2321 5
1426 2298 1591 2327 corrigamus
1612 2297 1642 2321 B.
1725 2297 1777 2321 alia

141 2339 244 2373 eorum]
265 2341 378 2366 aliorum
398 2341 430 2365 B.
515 2339 596 2373 hona]
617 2350 632 2366 a
650 2341 710 2366 add.
730 2341 761 2366 L.
847 2342 861 2364 6
881 2338 973 2372 nullis]
995 2340 1084 2364 nullus
1104 2341 1136 2365 B.
1221 2338 1282 2372 hoc]
1304 2349 1335 2365 oc
1356 2341 1387 2365 B.
1477 2342 1623 2373 accipimus
1644 2341 1674 2365 R,
1694 2341 1724 2365 L.
1745 2342 1776 2365 B.

142 2387 156 2411 7
177 2383 271 2419 gratia]
290 2386 326 2410 ita
345 2386 376 2415 B,
397 2386 498 2417 gratiae
517 2386 570 2410 rell.
644 2386 659 2410 8
679 2389 791 2418 possunt
810 2385 841 2410 B.
915 2393 962 2417 per
980 2385 1045 2409 deest
1064 2385 1099 2409 JI.
1173 2386 1187 2409 9
1208 2386 1394 2410 vestimentum
1416 2386 1450 2409 Δ11.
1526 2387 1554 2409 11
1576 2387 1724 2417 iniquitatis
1745 2386 1776 2409 Β.

247 2439 330 2463 XXV.
362 2440 392 2463 12
413 2439 549 2464 auferetur
568 2439 604 2463 M.
672 2440 702 2463 14
722 2447 769 2470 pro
791 2436 934 2469 audientis]
956 2438 1090 2462 audientis
1111 2438 1140 2462 L.
1208 2440 1238 2462 15
1258 2446 1322 2462 vero
1341 2439 1407 2462 deest
1426 2439 1457 2462 J).
1527 2440 1556 2463 17
1578 2447 1725 2469 congruum
1746 2439 1777 2463 L.

142 2485 175 2509 20
194 2492 210 2508 a
224 2481 355 2515 doctrina]
369 2484 403 2507 ad
417 2484 538 2508 doctrina
551 2484 583 2509 B.
633 2484 665 2508 22
680 2481 757 2515 quae]
772 2491 806 2507 ua
820 2483 851 2507 B.
902 2484 934 2507 24
951 2480 1010 2514 pro]
1024 2491 1072 2514 per
1085 2482 1115 2507 L.
1165 2484 1198 2507 25
1218 2481 1345 2513 calorem]
1362 2484 1395 2507 ad
1410 2491 1482 2507 orem
1496 2483 1528 2507 B.
1578 2481 1641 2514 (1110]
1656 2491 1687 2507 eo
1703 2484 1733 2508 Ie.
1746 2484 1776 2508 Β.

248 2537 348 2561 XXVI.
376 2538 408 2561 29
428 2538 450 2561 is
470 2546 518 2561 ras.
538 2537 585 2562 del.
605 2536 637 2561 B.
710 2537 868 2561 exhortandi
888 2536 923 2560 JI.
989 2537 1073 2560 bonus
1094 2536 1124 2560 B.
1199 2537 1231 2560 30
1251 2544 1343 2560 curam
1363 2536 1394 2560 L.
1467 2537 1499 2560 32
1520 2536 1547 2560 Si
1568 2534 1649 2567 quod]
1670 2538 1696 2561 Si
1718 2538 1777 2568 quis

142 2582 214 2614 quod
233 2582 263 2606 L.
337 2583 370 2606 33
390 2584 502 2606 noveret
520 2582 552 2606 B.
625 2582 658 2605 36
679 2581 847 2612 desperando
868 2580 903 2604 JI.
984 2578 1096 2610 animas]
1117 2581 1210 2604 annias
1230 2580 1262 2604 L.
1335 2581 1366 2605 37
1388 2578 1503 2611 lugeam]
1525 2580 1627 2611 {egeam
1648 2581 1678 2605 J„

253 2724 280 2759 1)
306 2725 440 2758 Isidorus,
467 2724 588 2752 Sentent.
614 2724 666 2751 III
685 2734 706 2751 c.
723 2725 779 2757 44;
805 2724 876 2760 Opp.
901 2724 948 2757 VI,
974 2725 1027 2752 331
1041 2734 1081 2760 sq.
1181 2723 1211 2757 2)
1236 2724 1364 2751 Iulianus
1389 2724 1541 2757 Ροηιενιίιε1
1568 2724 1612 2751 I)e
1634 2724 1690 2751 vila
1715 2734 1777 2751 cou-

145 2778 304 2815 templatim
328 2778 347 2805 I
366 2788 388 2805 c.
406 2780 463 2811 20;
489 2776 560 2814 Opp.
587 2777 722 2813 Pro-speri
745 2777 867 2813 append.
893 2778 938 2805 16.

1519 2834 1567 2861 44*

1796 1665 1823 1685 cf,
1832 1665 1851 1683 2.
1860 1665 1935 1685 Thess

1849 1693 1868 1715 3,
1875 1692 1893 1711 9.

1797 1719 1814 1738 1.
1823 1718 1881 1738 Petr.
1891 1719 1910 1742 5,
1919 1718 1937 1738 3.

1796 2156 1814 2174 2.
1822 2155 1870 2176 Cor.
1879 2155 1910 2178 12,
1920 2155 1953 2174 21.
