<?xml version="1.0" encoding="UTF-8"?>
<!DOCTYPE html PUBLIC "-//W3C//DTD XHTML 1.0 Transitional//EN"
    "http://www.w3.org/TR/xhtml1/DTD/xhtml1-transitional.dtd">
<html xmlns="http://www.w3.org/1999/xhtml" xml:lang="en" lang="en">
 <head>
  <title>
</title>
<meta http-equiv="Content-Type" content="text/html;charset=utf-8" />
  <meta name='ocr-system' content='tesseract 3.04.00' />
  <meta name='ocr-capabilities' content='ocr_page ocr_carea ocr_par ocr_line ocrx_word'/>
</head>
<body>
  <div class='ocr_page' id='page_1' title='image "./s3monumentagerma02geseuoft_0377.png"; bbox 0 0 2242 3085; ppageno 0'>
   <div class='ocr_carea' id='block_1_1' title="bbox 103 694 127 712">
    <p class='ocr_par' dir='ltr' id='par_1_1' title="bbox 103 694 127 712">
     <span class='ocr_line' id='line_1_1' title="bbox 103 694 127 712; baseline 0 0"><span class='ocrx_word' id='word_1_1' title='bbox 103 694 127 712; x_wconf 77' lang='lat'>10</span> 
     </span>
    </p>
   </div>
   <div class='ocr_carea' id='block_1_2' title="bbox 101 960 126 978">
    <p class='ocr_par' dir='ltr' id='par_1_2' title="bbox 101 960 126 978">
     <span class='ocr_line' id='line_1_2' title="bbox 101 960 126 978; baseline 0 0"><span class='ocrx_word' id='word_1_2' title='bbox 101 960 126 978; x_wconf 74' lang='lat'>15</span> 
     </span>
    </p>
   </div>
   <div class='ocr_carea' id='block_1_3' title="bbox 98 1225 126 1243">
    <p class='ocr_par' dir='ltr' id='par_1_3' title="bbox 98 1225 126 1243">
     <span class='ocr_line' id='line_1_3' title="bbox 98 1225 126 1243; baseline 0 0"><span class='ocrx_word' id='word_1_3' title='bbox 98 1225 126 1243; x_wconf 79' lang='lat'>20</span> 
     </span>
    </p>
   </div>
   <div class='ocr_carea' id='block_1_4' title="bbox 98 1491 125 1510">
    <p class='ocr_par' dir='ltr' id='par_1_4' title="bbox 98 1491 125 1510">
     <span class='ocr_line' id='line_1_4' title="bbox 98 1491 125 1510; baseline -0.037 0"><span class='ocrx_word' id='word_1_4' title='bbox 98 1491 125 1510; x_wconf 76' lang='lat'>25</span> 
     </span>
    </p>
   </div>
   <div class='ocr_carea' id='block_1_5' title="bbox 99 1757 126 1776">
    <p class='ocr_par' dir='ltr' id='par_1_5' title="bbox 99 1757 126 1776">
     <span class='ocr_line' id='line_1_5' title="bbox 99 1757 126 1776; baseline 0 0"><span class='ocrx_word' id='word_1_5' title='bbox 99 1757 126 1776; x_wconf 79' lang='lat'>:30</span> 
     </span>
    </p>
   </div>
   <div class='ocr_carea' id='block_1_6' title="bbox 98 2023 127 2042">
    <p class='ocr_par' dir='ltr' id='par_1_6' title="bbox 98 2023 127 2042">
     <span class='ocr_line' id='line_1_6' title="bbox 98 2023 127 2042; baseline -0.034 0"><span class='ocrx_word' id='word_1_6' title='bbox 98 2023 127 2042; x_wconf 75' lang='lat'>:35</span> 
     </span>
    </p>
   </div>
   <div class='ocr_carea' id='block_1_7' title="bbox 98 2349 128 2367">
    <p class='ocr_par' dir='ltr' id='par_1_7' title="bbox 98 2349 128 2367">
     <span class='ocr_line' id='line_1_7' title="bbox 98 2349 128 2367; baseline 0 0"><span class='ocrx_word' id='word_1_7' title='bbox 98 2349 128 2367; x_wconf 73' lang='lat'>40</span> 
     </span>
    </p>
   </div>
   <div class='ocr_carea' id='block_1_8' title="bbox 99 2570 129 2589">
    <p class='ocr_par' dir='ltr' id='par_1_8' title="bbox 99 2570 129 2589">
     <span class='ocr_line' id='line_1_8' title="bbox 99 2570 129 2589; baseline -0.033 0"><span class='ocrx_word' id='word_1_8' title='bbox 99 2570 129 2589; x_wconf 68' lang='lat'>45</span> 
     </span>
    </p>
   </div>
   <div class='ocr_carea' id='block_1_9' title="bbox 568 99 1794 136">
    <p class='ocr_par' dir='ltr' id='par_1_9' title="bbox 568 99 1794 136">
     <span class='ocr_line' id='line_1_9' title="bbox 568 99 1794 136; baseline -0.003 -4"><span class='ocrx_word' id='word_1_9' title='bbox 568 105 618 133; x_wconf 85' lang='lat'>39.</span> <span class='ocrx_word' id='word_1_10' title='bbox 656 105 873 133; x_wconf 87' lang='lat' dir='ltr'>CONCILIUM</span> <span class='ocrx_word' id='word_1_11' title='bbox 896 104 1223 136; x_wconf 73' lang='lat' dir='ltr'><strong>AQUISGRANENSE</strong></span> <span class='ocrx_word' id='word_1_12' title='bbox 1249 105 1285 131; x_wconf 85' lang='lat' dir='ltr'>A.</span> <span class='ocrx_word' id='word_1_13' title='bbox 1307 104 1381 131; x_wconf 87' lang='grc'>816.</span> <span class='ocrx_word' id='word_1_14' title='bbox 1731 99 1794 129; x_wconf 84' lang='grc'>355</span> 
     </span>
    </p>
   </div>
   <div class='ocr_carea' id='block_1_10' title="bbox 144 200 1796 2103">
    <p class='ocr_par' dir='ltr' id='par_1_10' title="bbox 144 200 1796 2103">
     <span class='ocr_line' id='line_1_10' title="bbox 147 200 1793 239; baseline -0.002 -7"><span class='ocrx_word' id='word_1_15' title='bbox 147 208 179 232; x_wconf 82' lang='lat' dir='ltr'>et</span> <span class='ocrx_word' id='word_1_16' title='bbox 202 205 286 232; x_wconf 86' lang='lat' dir='ltr'>rebus</span> <span class='ocrx_word' id='word_1_17' title='bbox 310 204 511 239; x_wconf 84' lang='lat' dir='ltr'>temporalibus</span> <span class='ocrx_word' id='word_1_18' title='bbox 536 204 674 231; x_wconf 82' lang='lat' dir='ltr'>delectari</span> <span class='ocrx_word' id='word_1_19' title='bbox 697 203 842 238; x_wconf 87' lang='lat' dir='ltr'>conspicit.</span> <span class='ocrx_word' id='word_1_20' title='bbox 879 200 1016 230; x_wconf 78' lang='lat' dir='ltr'>Nullum1</span> <span class='ocrx_word' id='word_1_21' title='bbox 1041 203 1145 237; x_wconf 84' lang='lat' dir='ltr'>quippe</span> <span class='ocrx_word' id='word_1_22' title='bbox 1171 203 1356 237; x_wconf 80' lang='lat' dir='ltr'>omnipotenti</span> <span class='ocrx_word' id='word_1_23' title='bbox 1380 203 1443 229; x_wconf 88' lang='lat' dir='ltr'>Deo</span> <span class='ocrx_word' id='word_1_24' title='bbox 1467 201 1524 228; x_wconf 83' lang='lat' dir='ltr'>tale</span> <span class='ocrx_word' id='word_1_25' title='bbox 1551 205 1593 227; x_wconf 85' lang='lat' dir='ltr'>est</span> <span class='ocrx_word' id='word_1_26' title='bbox 1618 200 1793 228; x_wconf 78' lang='lat' dir='ltr'>sacrificium.</span> 
     </span>
     <span class='ocr_line' id='line_1_11' title="bbox 146 252 1794 293; baseline -0.004 -8"><span class='ocrx_word' id='word_1_27' title='bbox 146 259 231 293; x_wconf 83' lang='lat' dir='ltr'>quale</span> <span class='ocrx_word' id='word_1_28' title='bbox 258 261 301 285; x_wconf 87' lang='lat' dir='ltr'>est</span> <span class='ocrx_word' id='word_1_29' title='bbox 324 257 401 284; x_wconf 84' lang='lat' dir='ltr'>zelus</span> <span class='ocrx_word' id='word_1_30' title='bbox 426 258 587 290; x_wconf 83' lang='lat' dir='ltr'>animarum,</span> <span class='ocrx_word' id='word_1_31' title='bbox 613 258 684 284; x_wconf 86' lang='lat' dir='ltr'>sicut</span> <span class='ocrx_word' id='word_1_32' title='bbox 708 257 853 292; x_wconf 87' lang='lat' dir='ltr'>psalmista</span> <span class='ocrx_word' id='word_1_33' title='bbox 877 256 932 282; x_wconf 84' lang='lat' dir='ltr'>ait:</span> <span class='ocrx_word' id='word_1_34' title='bbox 959 256 1042 283; x_wconf 79' lang='lat' dir='ltr'>Zelus</span> <span class='ocrx_word' id='word_1_35' title='bbox 1067 256 1162 282; x_wconf 78' lang='lat' dir='ltr'>domus</span> <span class='ocrx_word' id='word_1_36' title='bbox 1186 260 1249 282; x_wconf 76' lang='lat' dir='ltr'>luae</span> <span class='ocrx_word' id='word_1_37' title='bbox 1273 255 1388 283; x_wconf 75' lang='lat' dir='ltr'>comedit</span> <span class='ocrx_word' id='word_1_38' title='bbox 1411 264 1460 282; x_wconf 80' lang='lat' dir='ltr'>me.</span> <span class='ocrx_word' id='word_1_39' title='bbox 1501 252 1627 281; x_wconf 75' lang='lat' dir='ltr'>Paulus&#39;2</span> <span class='ocrx_word' id='word_1_40' title='bbox 1651 253 1794 288; x_wconf 85' lang='lat' dir='ltr'>apostolus</span> 
     </span>
     <span class='ocr_line' id='line_1_12' title="bbox 147 306 1796 346; baseline -0.002 -9"><span class='ocrx_word' id='word_1_41' title='bbox 147 314 208 338; x_wconf 85' lang='lat' dir='ltr'>zelo</span> <span class='ocrx_word' id='word_1_42' title='bbox 232 311 383 338; x_wconf 83' lang='lat' dir='ltr'>animarum</span> <span class='ocrx_word' id='word_1_43' title='bbox 407 311 546 337; x_wconf 81' lang='lat' dir='ltr'>cruciatus</span> <span class='ocrx_word' id='word_1_44' title='bbox 571 310 701 337; x_wconf 85' lang='lat' dir='ltr'>dicebat:</span> <span class='ocrx_word' id='word_1_45' title='bbox 735 309 805 340; x_wconf 74' lang='lat' dir='ltr'>Quis</span> <span class='ocrx_word' id='word_1_46' title='bbox 835 308 1000 346; x_wconf 59' lang='grc' dir='ltr'>ἰνζίῐιηηαίιη·</span> <span class='ocrx_word' id='word_1_47' title='bbox 1023 312 1048 335; x_wconf 76' lang='lat' dir='ltr'>cl</span> <span class='ocrx_word' id='word_1_48' title='bbox 1071 318 1119 345; x_wconf 69' lang='lat' dir='ltr'>eye</span> <span class='ocrx_word' id='word_1_49' title='bbox 1151 318 1206 336; x_wconf 75' lang='lat' dir='ltr'>non</span> <span class='ocrx_word' id='word_1_50' title='bbox 1236 308 1387 346; x_wconf 72' lang='lat' dir='ltr'>infirmor!</span> <span class='ocrx_word' id='word_1_51' title='bbox 1433 307 1503 338; x_wconf 69' lang='lat' dir='ltr'>Quis</span> <span class='ocrx_word' id='word_1_52' title='bbox 1533 306 1746 334; x_wconf 68' lang='lat' dir='ltr'>scanclalisatm·</span> <span class='ocrx_word' id='word_1_53' title='bbox 1771 311 1796 333; x_wconf 75' lang='lat' dir='ltr'>el</span> 
     </span>
     <span class='ocr_line' id='line_1_13' title="bbox 149 361 1793 401; baseline -0.003 -10"><span class='ocrx_word' id='word_1_54' title='bbox 149 373 198 401; x_wconf 72' lang='lat' dir='ltr'>eqo</span> <span class='ocrx_word' id='word_1_55' title='bbox 221 374 277 391; x_wconf 79' lang='lat' dir='ltr'>non</span> <span class='ocrx_word' id='word_1_56' title='bbox 301 363 392 391; x_wconf 75' lang='lat' dir='ltr'>uror?</span> <span class='ocrx_word' id='word_1_57' title='bbox 423 363 519 398; x_wconf 84' lang='lat' dir='ltr'>Ipsum</span> <span class='ocrx_word' id='word_1_58' title='bbox 543 373 623 390; x_wconf 89' lang='lat' dir='ltr'>suum</span> <span class='ocrx_word' id='word_1_59' title='bbox 647 372 703 396; x_wconf 86' lang='lat' dir='ltr'>cor,</span> <span class='ocrx_word' id='word_1_60' title='bbox 728 363 803 397; x_wconf 91' lang='lat' dir='ltr'>quod</span> <span class='ocrx_word' id='word_1_61' title='bbox 828 362 980 388; x_wconf 88' lang='lat' dir='ltr'>animarum</span> <span class='ocrx_word' id='word_1_62' title='bbox 1003 362 1063 388; x_wconf 87' lang='lat' dir='ltr'>zelo</span> <span class='ocrx_word' id='word_1_63' title='bbox 1088 362 1284 393; x_wconf 84' lang='lat' dir='ltr'>succenderat,</span> <span class='ocrx_word' id='word_1_64' title='bbox 1311 362 1377 396; x_wconf 85' lang='lat' dir='ltr'>qnid</span> <span class='ocrx_word' id='word_1_65' title='bbox 1402 361 1476 387; x_wconf 82' lang='lat' dir='ltr'>aliud</span> <span class='ocrx_word' id='word_1_66' title='bbox 1502 370 1584 395; x_wconf 86' lang='lat' dir='ltr'>quam</span> <span class='ocrx_word' id='word_1_67' title='bbox 1609 361 1687 395; x_wconf 82' lang='lat' dir='ltr'>quasi</span> <span class='ocrx_word' id='word_1_68' title='bbox 1704 364 1793 386; x_wconf 84' lang='lat' dir='ltr'>sarta-</span> 
     </span>
     <span class='ocr_line' id='line_1_14' title="bbox 149 414 1793 453; baseline -0.003 -9"><span class='ocrx_word' id='word_1_69' title='bbox 149 418 242 453; x_wconf 88' lang='lat' dir='ltr'>ginem</span> <span class='ocrx_word' id='word_1_70' title='bbox 265 417 385 449; x_wconf 80' lang='lat' dir='ltr'>fecerat,</span> <span class='ocrx_word' id='word_1_71' title='bbox 409 417 437 443; x_wconf 90' lang='lat' dir='ltr'>in</span> <span class='ocrx_word' id='word_1_72' title='bbox 461 426 515 451; x_wconf 89' lang='lat' dir='ltr'>quo</span> <span class='ocrx_word' id='word_1_73' title='bbox 540 425 633 443; x_wconf 85' lang='lat' dir='ltr'>amore</span> <span class='ocrx_word' id='word_1_74' title='bbox 657 416 792 442; x_wconf 84' lang='lat' dir='ltr'>virtutum</span> <span class='ocrx_word' id='word_1_75' title='bbox 816 419 914 442; x_wconf 86' lang='lat' dir='ltr'>contra</span> <span class='ocrx_word' id='word_1_76' title='bbox 938 415 1005 441; x_wconf 82' lang='lat' dir='ltr'>vitia</span> <span class='ocrx_word' id='word_1_77' title='bbox 1027 414 1168 441; x_wconf 77' lang='lat' dir='ltr'>ardebat?</span> <span class='ocrx_word' id='word_1_78' title='bbox 1217 414 1299 445; x_wconf 84' lang='lat' dir='ltr'>Quod</span> <span class='ocrx_word' id='word_1_79' title='bbox 1329 415 1402 441; x_wconf 81' lang='lat' dir='ltr'>enim</span> <span class='ocrx_word' id='word_1_80' title='bbox 1426 415 1562 440; x_wconf 80' lang='lat' dir='ltr'>urebatur</span> <span class='ocrx_word' id='word_1_81' title='bbox 1585 418 1696 448; x_wconf 79' lang='lat' dir='ltr'>sartago</span> <span class='ocrx_word' id='word_1_82' title='bbox 1722 417 1793 440; x_wconf 85' lang='lat' dir='ltr'>erat.</span> 
     </span>
     <span class='ocr_line' id='line_1_15' title="bbox 148 467 1793 504; baseline -0.003 -7"><span class='ocrx_word' id='word_1_83' title='bbox 148 471 349 497; x_wconf 85' lang='lat' dir='ltr'>Inardescebat</span> <span class='ocrx_word' id='word_1_84' title='bbox 383 470 457 497; x_wconf 86' lang='lat' dir='ltr'>enim</span> <span class='ocrx_word' id='word_1_85' title='bbox 488 474 517 497; x_wconf 85' lang='lat' dir='ltr'>et</span> <span class='ocrx_word' id='word_1_86' title='bbox 548 469 720 504; x_wconf 85' lang='lat' dir='ltr'>quoquebat,</span> <span class='ocrx_word' id='word_1_87' title='bbox 753 468 819 503; x_wconf 89' lang='lat' dir='ltr'>quia</span> <span class='ocrx_word' id='word_1_88' title='bbox 848 469 1054 494; x_wconf 77' lang='lat' dir='ltr'>incendebatur</span> <span class='ocrx_word' id='word_1_89' title='bbox 1078 468 1275 500; x_wconf 78' lang='lat' dir='ltr'>amaritudine,</span> <span class='ocrx_word' id='word_1_90' title='bbox 1307 468 1356 494; x_wconf 83' lang='lat' dir='ltr'>sed</span> <span class='ocrx_word' id='word_1_91' title='bbox 1389 467 1521 493; x_wconf 79' lang='lat' dir='ltr'>virtutum</span> <span class='ocrx_word' id='word_1_92' title='bbox 1553 468 1687 493; x_wconf 79' lang='lat' dir='ltr'>alimenta</span> <span class='ocrx_word' id='word_1_93' title='bbox 1710 476 1793 501; x_wconf 88' lang='lat' dir='ltr'>prae-</span> 
     </span>
     <span class='ocr_line' id='line_1_16' title="bbox 147 519 1793 559; baseline -0.002 -9"><span class='ocrx_word' id='word_1_94' title='bbox 147 524 266 559; x_wconf 85' lang='lat' dir='ltr'>parabat</span> <span class='ocrx_word' id='word_1_95' title='bbox 292 532 325 550; x_wconf 81' lang='lat' dir='ltr'>ex</span> <span class='ocrx_word' id='word_1_96' title='bbox 349 532 399 550; x_wconf 90' lang='lat' dir='ltr'>sua</span> <span class='ocrx_word' id='word_1_97' title='bbox 422 523 529 550; x_wconf 82' lang='lat' dir='ltr'>afflicta</span> <span class='ocrx_word' id='word_1_98' title='bbox 552 523 733 557; x_wconf 82' lang='lat' dir='ltr'>cogitatione.</span> <span class='ocrx_word' id='word_1_99' title='bbox 777 519 874 552; x_wconf 63' lang='lat' dir='ltr'>Quid‘o‘</span> <span class='ocrx_word' id='word_1_100' title='bbox 899 525 952 554; x_wconf 86' lang='lat' dir='ltr'>est,</span> <span class='ocrx_word' id='word_1_101' title='bbox 978 521 1052 555; x_wconf 88' lang='lat' dir='ltr'>quod</span> <span class='ocrx_word' id='word_1_102' title='bbox 1076 520 1229 547; x_wconf 86' lang='lat' dir='ltr'>Ezechihel</span> <span class='ocrx_word' id='word_1_103' title='bbox 1253 521 1393 555; x_wconf 86' lang='lat' dir='ltr'>propheta</span> <span class='ocrx_word' id='word_1_104' title='bbox 1417 521 1586 554; x_wconf 71' lang='lat' dir='ltr'>sartaginem</span> <span class='ocrx_word' id='word_1_105' title='bbox 1610 521 1685 546; x_wconf 87' lang='lat' dir='ltr'>inter</span> <span class='ocrx_word' id='word_1_106' title='bbox 1708 529 1737 546; x_wconf 80' lang='lat' dir='ltr'>se</span> <span class='ocrx_word' id='word_1_107' title='bbox 1765 523 1793 546; x_wconf 86' lang='lat' dir='ltr'>et</span> 
     </span>
     <span class='ocr_line' id='line_1_17' title="bbox 147 573 1792 610; baseline -0.002 -7"><span class='ocrx_word' id='word_1_108' title='bbox 147 577 290 604; x_wconf 88' lang='lat' dir='ltr'>civitatem</span> <span class='ocrx_word' id='word_1_109' title='bbox 313 586 421 603; x_wconf 86' lang='lat' dir='ltr'>murum</span> <span class='ocrx_word' id='word_1_110' title='bbox 444 577 567 603; x_wconf 86' lang='lat' dir='ltr'>ferreum</span> <span class='ocrx_word' id='word_1_111' title='bbox 591 576 671 610; x_wconf 86' lang='lat' dir='ltr'>ponit</span> <span class='ocrx_word' id='word_1_112' title='bbox 694 576 746 601; x_wconf 87' lang='lat' dir='ltr'>nisi</span> <span class='ocrx_word' id='word_1_113' title='bbox 771 576 846 609; x_wconf 89' lang='lat' dir='ltr'>quod</span> <span class='ocrx_word' id='word_1_114' title='bbox 870 575 959 601; x_wconf 88' lang='lat' dir='ltr'>isdem</span> <span class='ocrx_word' id='word_1_115' title='bbox 982 574 1062 601; x_wconf 86' lang='lat' dir='ltr'>fortis</span> <span class='ocrx_word' id='word_1_116' title='bbox 1086 574 1173 606; x_wconf 87' lang='lat' dir='ltr'>zelus,</span> <span class='ocrx_word' id='word_1_117' title='bbox 1206 574 1254 608; x_wconf 85' lang='lat' dir='ltr'>qui</span> <span class='ocrx_word' id='word_1_118' title='bbox 1277 583 1349 600; x_wconf 87' lang='lat' dir='ltr'>nunc</span> <span class='ocrx_word' id='word_1_119' title='bbox 1374 574 1401 599; x_wconf 90' lang='lat' dir='ltr'>in</span> <span class='ocrx_word' id='word_1_120' title='bbox 1426 577 1520 599; x_wconf 77' lang='lat' dir='ltr'>mente</span> <span class='ocrx_word' id='word_1_121' title='bbox 1547 573 1667 599; x_wconf 78' lang='lat' dir='ltr'>doctoris</span> <span class='ocrx_word' id='word_1_122' title='bbox 1692 573 1792 608; x_wconf 81' lang='lat' dir='ltr'>agitur,</span> 
     </span>
     <span class='ocr_line' id='line_1_18' title="bbox 146 627 1791 662; baseline -0.002 -5"><span class='ocrx_word' id='word_1_123' title='bbox 146 631 174 657; x_wconf 89' lang='lat' dir='ltr'>in</span> <span class='ocrx_word' id='word_1_124' title='bbox 199 631 244 657; x_wconf 82' lang='lat' dir='ltr'>die</span> <span class='ocrx_word' id='word_1_125' title='bbox 270 630 387 657; x_wconf 80' lang='lat' dir='ltr'>extremi</span> <span class='ocrx_word' id='word_1_126' title='bbox 410 629 506 656; x_wconf 89' lang='lat' dir='ltr'>iudicii</span> <span class='ocrx_word' id='word_1_127' title='bbox 529 629 604 655; x_wconf 86' lang='lat' dir='ltr'>inter</span> <span class='ocrx_word' id='word_1_128' title='bbox 628 638 691 655; x_wconf 89' lang='lat' dir='ltr'>eum</span> <span class='ocrx_word' id='word_1_129' title='bbox 716 631 745 655; x_wconf 88' lang='lat' dir='ltr'>et</span> <span class='ocrx_word' id='word_1_130' title='bbox 769 629 896 661; x_wconf 87' lang='lat' dir='ltr'>animam,</span> <span class='ocrx_word' id='word_1_131' title='bbox 923 637 1004 662; x_wconf 87' lang='lat' dir='ltr'>quam</span> <span class='ocrx_word' id='word_1_132' title='bbox 1029 637 1045 654; x_wconf 91' lang='lat' dir='ltr'>a</span> <span class='ocrx_word' id='word_1_133' title='bbox 1063 628 1139 653; x_wconf 84' lang='lat' dir='ltr'>vitiis</span> <span class='ocrx_word' id='word_1_134' title='bbox 1163 627 1281 659; x_wconf 82' lang='lat' dir='ltr'>zelatur,</span> <span class='ocrx_word' id='word_1_135' title='bbox 1306 627 1388 653; x_wconf 88' lang='lat' dir='ltr'>testis</span> <span class='ocrx_word' id='word_1_136' title='bbox 1414 630 1467 657; x_wconf 83' lang='lat' dir='ltr'>cst,</span> <span class='ocrx_word' id='word_1_137' title='bbox 1493 631 1534 658; x_wconf 70' lang='lat' dir='ltr'>ut,</span> <span class='ocrx_word' id='word_1_138' title='bbox 1560 627 1613 653; x_wconf 84' lang='lat' dir='ltr'>etsi</span> <span class='ocrx_word' id='word_1_139' title='bbox 1638 627 1734 652; x_wconf 86' lang='lat' dir='ltr'>audire</span> <span class='ocrx_word' id='word_1_140' title='bbox 1760 627 1791 654; x_wconf 73' lang='lat' dir='ltr'>is.</span> 
     </span>
     <span class='ocr_line' id='line_1_19' title="bbox 147 680 1792 718; baseline -0.003 -8"><span class='ocrx_word' id='word_1_141' title='bbox 147 684 194 718; x_wconf 91' lang='lat' dir='ltr'>qui</span> <span class='ocrx_word' id='word_1_142' title='bbox 218 684 345 716; x_wconf 77' lang='lat' dir='ltr'>docetur,</span> <span class='ocrx_word' id='word_1_143' title='bbox 369 682 501 715; x_wconf 86' lang='lat' dir='ltr'>noluerit,</span> <span class='ocrx_word' id='word_1_144' title='bbox 526 682 624 708; x_wconf 83' lang='lat' dir='ltr'>doctor</span> <span class='ocrx_word' id='word_1_145' title='bbox 647 685 741 708; x_wconf 87' lang='lat' dir='ltr'>tamen</span> <span class='ocrx_word' id='word_1_146' title='bbox 765 690 815 716; x_wconf 90' lang='lat' dir='ltr'>pro</span> <span class='ocrx_word' id='word_1_147' title='bbox 839 681 911 714; x_wconf 84' lang='lat' dir='ltr'>zelo,</span> <span class='ocrx_word' id='word_1_148' title='bbox 937 681 1011 716; x_wconf 87' lang='lat' dir='ltr'>quod</span> <span class='ocrx_word' id='word_1_149' title='bbox 1037 681 1162 713; x_wconf 83' lang='lat' dir='ltr'>exhibet,</span> <span class='ocrx_word' id='word_1_150' title='bbox 1188 681 1224 707; x_wconf 86' lang='lat' dir='ltr'>de</span> <span class='ocrx_word' id='word_1_151' title='bbox 1241 680 1363 707; x_wconf 84' lang='lat' dir='ltr'>auctoris</span> <span class='ocrx_word' id='word_1_152' title='bbox 1380 680 1563 714; x_wconf 66' lang='lat' dir='ltr'>neglegentia</span> <span class='ocrx_word' id='word_1_153' title='bbox 1582 689 1647 706; x_wconf 77' lang='lat' dir='ltr'>reus</span> <span class='ocrx_word' id='word_1_154' title='bbox 1664 689 1717 706; x_wconf 86' lang='lat' dir='ltr'>non</span> <span class='ocrx_word' id='word_1_155' title='bbox 1736 680 1792 705; x_wconf 72' lang='lat' dir='ltr'>sit?</span> 
     </span>
     <span class='ocr_line' id='line_1_20' title="bbox 147 733 1793 771; baseline -0.003 -8"><span class='ocrx_word' id='word_1_156' title='bbox 147 737 257 763; x_wconf 85' lang='lat' dir='ltr'>Murum</span> <span class='ocrx_word' id='word_1_157' title='bbox 286 736 409 763; x_wconf 88' lang='lat' dir='ltr'>ferreum</span> <span class='ocrx_word' id='word_1_158' title='bbox 438 736 597 771; x_wconf 80' lang='lat' dir='ltr'>prophaeta</span> <span class='ocrx_word' id='word_1_159' title='bbox 627 735 701 762; x_wconf 86' lang='lat' dir='ltr'>inter</span> <span class='ocrx_word' id='word_1_160' title='bbox 731 744 761 762; x_wconf 85' lang='lat' dir='ltr'>se</span> <span class='ocrx_word' id='word_1_161' title='bbox 787 738 816 762; x_wconf 87' lang='lat' dir='ltr'>et</span> <span class='ocrx_word' id='word_1_162' title='bbox 841 735 984 761; x_wconf 82' lang='lat' dir='ltr'>civitatem</span> <span class='ocrx_word' id='word_1_163' title='bbox 1008 735 1097 769; x_wconf 85' lang='lat' dir='ltr'>ponit,</span> <span class='ocrx_word' id='word_1_164' title='bbox 1130 734 1196 769; x_wconf 89' lang='lat' dir='ltr'>quia</span> <span class='ocrx_word' id='word_1_165' title='bbox 1224 734 1253 759; x_wconf 89' lang='lat' dir='ltr'>in</span> <span class='ocrx_word' id='word_1_166' title='bbox 1276 733 1389 759; x_wconf 87' lang='lat' dir='ltr'>ultionis</span> <span class='ocrx_word' id='word_1_167' title='bbox 1414 736 1540 767; x_wconf 83' lang='lat' dir='ltr'>tempore</span> <span class='ocrx_word' id='word_1_168' title='bbox 1565 733 1630 758; x_wconf 81' lang='lat' dir='ltr'>inde</span> <span class='ocrx_word' id='word_1_169' title='bbox 1656 734 1753 759; x_wconf 85' lang='lat' dir='ltr'>doctor</span> <span class='ocrx_word' id='word_1_170' title='bbox 1777 743 1793 759; x_wconf 85' lang='lat' dir='ltr'>a</span> 
     </span>
     <span class='ocr_line' id='line_1_21' title="bbox 147 785 1791 824; baseline -0.002 -8"><span class='ocrx_word' id='word_1_171' title='bbox 147 790 331 816; x_wconf 84' lang='lat' dir='ltr'>damnationis</span> <span class='ocrx_word' id='word_1_172' title='bbox 354 789 479 824; x_wconf 89' lang='lat' dir='ltr'>periculo</span> <span class='ocrx_word' id='word_1_173' title='bbox 503 789 636 821; x_wconf 84' lang='lat' dir='ltr'>munitur,</span> <span class='ocrx_word' id='word_1_174' title='bbox 661 789 736 815; x_wconf 88' lang='lat' dir='ltr'>unde</span> <span class='ocrx_word' id='word_1_175' title='bbox 760 798 834 815; x_wconf 86' lang='lat' dir='ltr'>nunc</span> <span class='ocrx_word' id='word_1_176' title='bbox 857 797 910 823; x_wconf 87' lang='lat' dir='ltr'>per</span> <span class='ocrx_word' id='word_1_177' title='bbox 932 788 1023 815; x_wconf 86' lang='lat' dir='ltr'>zelum</span> <span class='ocrx_word' id='word_1_178' title='bbox 1047 788 1192 814; x_wconf 76' lang='lat' dir='ltr'>custodiae</span> <span class='ocrx_word' id='word_1_179' title='bbox 1218 787 1308 814; x_wconf 87' lang='lat' dir='ltr'>cordis</span> <span class='ocrx_word' id='word_1_180' title='bbox 1325 787 1457 813; x_wconf 84' lang='lat' dir='ltr'>frixuram</span> <span class='ocrx_word' id='word_1_181' title='bbox 1473 787 1590 821; x_wconf 85' lang='lat' dir='ltr'>patitur.</span> <span class='ocrx_word' id='word_1_182' title='bbox 1628 785 1791 816; x_wconf 44' lang='grc' dir='ltr'>(ῥυεῑιιὶιιιιι4</span> 
     </span>
     <span class='ocr_line' id='line_1_22' title="bbox 146 840 1789 877; baseline -0.002 -8"><span class='ocrx_word' id='word_1_183' title='bbox 146 843 250 869; x_wconf 86' lang='lat' dir='ltr'>frixura</span> <span class='ocrx_word' id='word_1_184' title='bbox 273 843 373 875; x_wconf 81' lang='lat' dir='ltr'>cordis,</span> <span class='ocrx_word' id='word_1_185' title='bbox 398 851 470 877; x_wconf 86' lang='lat' dir='ltr'>quae</span> <span class='ocrx_word' id='word_1_186' title='bbox 494 851 546 877; x_wconf 86' lang='lat' dir='ltr'>per</span> <span class='ocrx_word' id='word_1_187' title='bbox 569 842 725 876; x_wconf 84' lang='lat' dir='ltr'>spiritalem</span> <span class='ocrx_word' id='word_1_188' title='bbox 748 842 838 868; x_wconf 88' lang='lat' dir='ltr'>zelum</span> <span class='ocrx_word' id='word_1_189' title='bbox 863 842 964 876; x_wconf 77' lang='lat' dir='ltr'>agitur,</span> <span class='ocrx_word' id='word_1_190' title='bbox 996 842 1182 876; x_wconf 82' lang='lat' dir='ltr'>omnipotenti</span> <span class='ocrx_word' id='word_1_191' title='bbox 1206 840 1324 867; x_wconf 85' lang='lat' dir='ltr'>Domino</span> <span class='ocrx_word' id='word_1_192' title='bbox 1348 840 1471 874; x_wconf 82' lang='lat' dir='ltr'>placeat,</span> <span class='ocrx_word' id='word_1_193' title='bbox 1497 843 1596 874; x_wconf 68' lang='lat' dir='ltr'>aperte</span> <span class='ocrx_word' id='word_1_194' title='bbox 1622 840 1789 870; x_wconf 79' lang='lat' dir='ltr'>ostenditur,</span> 
     </span>
     <span class='ocr_line' id='line_1_23' title="bbox 146 892 1792 930; baseline -0.002 -8"><span class='ocrx_word' id='word_1_195' title='bbox 146 905 208 923; x_wconf 89' lang='lat' dir='ltr'>cum</span> <span class='ocrx_word' id='word_1_196' title='bbox 238 896 332 923; x_wconf 84' lang='lat' dir='ltr'>offerri</span> <span class='ocrx_word' id='word_1_197' title='bbox 362 905 414 930; x_wconf 87' lang='lat' dir='ltr'>per</span> <span class='ocrx_word' id='word_1_198' title='bbox 436 895 530 930; x_wconf 83' lang='lat' dir='ltr'>legem</span> <span class='ocrx_word' id='word_1_199' title='bbox 553 895 642 922; x_wconf 87' lang='lat' dir='ltr'>simila</span> <span class='ocrx_word' id='word_1_200' title='bbox 672 896 700 921; x_wconf 89' lang='lat' dir='ltr'>in</span> <span class='ocrx_word' id='word_1_201' title='bbox 728 894 893 921; x_wconf 84' lang='lat' dir='ltr'>sacrificium</span> <span class='ocrx_word' id='word_1_202' title='bbox 921 895 1044 921; x_wconf 73' lang='lat' dir='ltr'>iubetur⁴</span> <span class='ocrx_word' id='word_1_203' title='bbox 1093 894 1233 929; x_wconf 82' lang='lat' dir='ltr'>Scriptum</span> <span class='ocrx_word' id='word_1_204' title='bbox 1265 894 1369 928; x_wconf 84' lang='lat' dir='ltr'>quippe</span> <span class='ocrx_word' id='word_1_205' title='bbox 1401 897 1460 919; x_wconf 85' lang='lat' dir='ltr'>est:</span> <span class='ocrx_word' id='word_1_206' title='bbox 1494 892 1526 919; x_wconf 75' lang='lat' dir='ltr'>In</span> <span class='ocrx_word' id='word_1_207' title='bbox 1558 892 1704 929; x_wconf 68' lang='lat' dir='ltr'>sarlayine</span> <span class='ocrx_word' id='word_1_208' title='bbox 1735 893 1792 920; x_wconf 74' lang='lat' dir='ltr'>oleo</span> 
     </span>
     <span class='ocr_line' id='line_1_24' title="bbox 147 945 1793 986; baseline -0.002 -10"><span class='ocrx_word' id='word_1_209' title='bbox 147 958 297 985; x_wconf 80' lang='lat' dir='ltr'>conspersa</span> <span class='ocrx_word' id='word_1_210' title='bbox 315 948 454 986; x_wconf 63' lang='lat' dir='ltr'>frigetur,</span> <span class='ocrx_word' id='word_1_211' title='bbox 486 948 639 984; x_wconf 74' lang='lat' dir='ltr'>offeretque</span> <span class='ocrx_word' id='word_1_212' title='bbox 663 958 722 975; x_wconf 77' lang='lat' dir='ltr'>eccm</span> <span class='ocrx_word' id='word_1_213' title='bbox 748 947 868 975; x_wconf 75' lang='lat' dir='ltr'>calidam</span> <span class='ocrx_word' id='word_1_214' title='bbox 894 947 922 975; x_wconf 76' lang='lat' dir='ltr'>in</span> <span class='ocrx_word' id='word_1_215' title='bbox 947 948 1057 975; x_wconf 77' lang='lat' dir='ltr'>odorem</span> <span class='ocrx_word' id='word_1_216' title='bbox 1082 947 1273 974; x_wconf 70' lang='lat' dir='ltr'>sum-issimmn</span> <span class='ocrx_word' id='word_1_217' title='bbox 1299 945 1420 973; x_wconf 73' lang='lat' dir='ltr'>Domino</span> <span class='ocrx_word' id='word_1_218' title='bbox 1451 946 1593 979; x_wconf 66' lang='lat' dir='ltr'>sacerdos,</span> <span class='ocrx_word' id='word_1_219' title='bbox 1626 945 1673 982; x_wconf 76' lang='lat' dir='ltr'>qni</span> <span class='ocrx_word' id='word_1_220' title='bbox 1697 945 1793 982; x_wconf 68' lang='lat' dir='ltr'>patris</span> 
     </span>
     <span class='ocr_line' id='line_1_25' title="bbox 146 1000 1792 1035; baseline -0.003 -5"><span class='ocrx_word' id='word_1_221' title='bbox 146 1002 206 1030; x_wconf 82' lang='lat' dir='ltr'>iure</span> <span class='ocrx_word' id='word_1_222' title='bbox 228 1001 397 1035; x_wconf 68' lang='lat' dir='ltr'>successerit,</span> <span class='ocrx_word' id='word_1_223' title='bbox 424 1005 449 1029; x_wconf 78' lang='lat' dir='ltr'>et</span> <span class='ocrx_word' id='word_1_224' title='bbox 471 1005 528 1029; x_wconf 74' lang='lat' dir='ltr'>tota</span> <span class='ocrx_word' id='word_1_225' title='bbox 552 1001 720 1028; x_wconf 73' lang='lat' dir='ltr'>cremabitur</span> <span class='ocrx_word' id='word_1_226' title='bbox 743 1001 770 1028; x_wconf 76' lang='lat' dir='ltr'>in</span> <span class='ocrx_word' id='word_1_227' title='bbox 796 1001 891 1028; x_wconf 74' lang='lat' dir='ltr'>altari.</span> <span class='ocrx_word' id='word_1_228' title='bbox 928 1002 1008 1028; x_wconf 85' lang='lat' dir='ltr'>Tunc</span> <span class='ocrx_word' id='word_1_229' title='bbox 1033 1001 1122 1027; x_wconf 88' lang='lat' dir='ltr'>simila</span> <span class='ocrx_word' id='word_1_230' title='bbox 1145 1001 1173 1027; x_wconf 92' lang='lat' dir='ltr'>in</span> <span class='ocrx_word' id='word_1_231' title='bbox 1197 1000 1337 1035; x_wconf 78' lang='lat' dir='ltr'>sartagine</span> <span class='ocrx_word' id='word_1_232' title='bbox 1362 1000 1484 1034; x_wconf 74' lang='lat' dir='ltr'>frigitur,</span> <span class='ocrx_word' id='word_1_233' title='bbox 1509 1008 1571 1025; x_wconf 87' lang='lat' dir='ltr'>cum</span> <span class='ocrx_word' id='word_1_234' title='bbox 1595 1000 1699 1026; x_wconf 86' lang='lat' dir='ltr'>munda</span> <span class='ocrx_word' id='word_1_235' title='bbox 1714 1008 1792 1025; x_wconf 82' lang='lat' dir='ltr'>mens</span> 
     </span>
     <span class='ocr_line' id='line_1_26' title="bbox 146 1053 1791 1091; baseline -0.002 -9"><span class='ocrx_word' id='word_1_236' title='bbox 146 1057 211 1082; x_wconf 86' lang='lat' dir='ltr'>iusti</span> <span class='ocrx_word' id='word_1_237' title='bbox 234 1065 286 1091; x_wconf 83' lang='lat' dir='ltr'>per</span> <span class='ocrx_word' id='word_1_238' title='bbox 309 1055 362 1082; x_wconf 86' lang='lat' dir='ltr'>zeli</span> <span class='ocrx_word' id='word_1_239' title='bbox 386 1055 477 1081; x_wconf 81' lang='lat' dir='ltr'>sancti</span> <span class='ocrx_word' id='word_1_240' title='bbox 501 1055 628 1081; x_wconf 82' lang='lat' dir='ltr'>ardorem</span> <span class='ocrx_word' id='word_1_241' title='bbox 653 1058 802 1081; x_wconf 88' lang='lat' dir='ltr'>crematur.</span> <span class='ocrx_word' id='word_1_242' title='bbox 840 1054 918 1085; x_wconf 86' lang='lat' dir='ltr'>Quae</span> <span class='ocrx_word' id='word_1_243' title='bbox 944 1055 1093 1089; x_wconf 73' lang='lat' dir='ltr'>conspergi</span> <span class='ocrx_word' id='word_1_244' title='bbox 1120 1055 1182 1081; x_wconf 88' lang='lat' dir='ltr'>oleo</span> <span class='ocrx_word' id='word_1_245' title='bbox 1206 1054 1389 1088; x_wconf 84' lang='lat' dir='ltr'>praecipitur,</span> <span class='ocrx_word' id='word_1_246' title='bbox 1415 1053 1443 1079; x_wconf 87' lang='lat' dir='ltr'>id</span> <span class='ocrx_word' id='word_1_247' title='bbox 1469 1057 1511 1080; x_wconf 71' lang='lat' dir='ltr'>est</span> <span class='ocrx_word' id='word_1_248' title='bbox 1537 1053 1661 1079; x_wconf 88' lang='lat' dir='ltr'>caritatis</span> <span class='ocrx_word' id='word_1_249' title='bbox 1685 1053 1791 1079; x_wconf 86' lang='lat' dir='ltr'>miscri-</span> 
     </span>
     <span class='ocr_line' id='line_1_27' title="bbox 145 1106 1792 1143; baseline -0.003 -7"><span class='ocrx_word' id='word_1_250' title='bbox 145 1110 240 1136; x_wconf 83' lang='lat' dir='ltr'>cordia</span> <span class='ocrx_word' id='word_1_251' title='bbox 262 1109 381 1140; x_wconf 85' lang='lat' dir='ltr'>misceri,</span> <span class='ocrx_word' id='word_1_252' title='bbox 408 1117 480 1143; x_wconf 84' lang='lat' dir='ltr'>quae</span> <span class='ocrx_word' id='word_1_253' title='bbox 505 1108 534 1134; x_wconf 90' lang='lat' dir='ltr'>in</span> <span class='ocrx_word' id='word_1_254' title='bbox 557 1112 714 1142; x_wconf 81' lang='lat' dir='ltr'>conspectu</span> <span class='ocrx_word' id='word_1_255' title='bbox 737 1108 935 1142; x_wconf 84' lang='lat' dir='ltr'>omnipotentis</span> <span class='ocrx_word' id='word_1_256' title='bbox 952 1108 1007 1134; x_wconf 85' lang='lat' dir='ltr'>Dei</span> <span class='ocrx_word' id='word_1_257' title='bbox 1024 1108 1105 1134; x_wconf 84' lang='lat' dir='ltr'>ardet</span> <span class='ocrx_word' id='word_1_258' title='bbox 1123 1111 1151 1134; x_wconf 88' lang='lat' dir='ltr'>et</span> <span class='ocrx_word' id='word_1_259' title='bbox 1168 1110 1255 1133; x_wconf 85' lang='lat' dir='ltr'>lucet.</span> <span class='ocrx_word' id='word_1_260' title='bbox 1292 1106 1503 1141; x_wconf 76' lang='lat' dir='ltr'>Conspergatur</span> <span class='ocrx_word' id='word_1_261' title='bbox 1528 1115 1594 1141; x_wconf 81' lang='lat' dir='ltr'>crgo</span> <span class='ocrx_word' id='word_1_262' title='bbox 1618 1106 1680 1132; x_wconf 89' lang='lat' dir='ltr'>oleo</span> <span class='ocrx_word' id='word_1_263' title='bbox 1704 1115 1792 1137; x_wconf 78' lang='lat' dir='ltr'>mens,</span> 
     </span>
     <span class='ocr_line' id='line_1_28' title="bbox 145 1159 1792 1197; baseline -0.002 -8"><span class='ocrx_word' id='word_1_264' title='bbox 145 1172 218 1197; x_wconf 84' lang='lat' dir='ltr'>quae</span> <span class='ocrx_word' id='word_1_265' title='bbox 244 1163 270 1188; x_wconf 93' lang='lat' dir='ltr'>in</span> <span class='ocrx_word' id='word_1_266' title='bbox 294 1162 435 1197; x_wconf 79' lang='lat' dir='ltr'>sartagine</span> <span class='ocrx_word' id='word_1_267' title='bbox 460 1161 583 1196; x_wconf 78' lang='lat' dir='ltr'>frigitur,</span> <span class='ocrx_word' id='word_1_268' title='bbox 609 1162 674 1196; x_wconf 86' lang='lat' dir='ltr'>quia</span> <span class='ocrx_word' id='word_1_269' title='bbox 698 1162 786 1187; x_wconf 83' lang='lat' dir='ltr'>sancti</span> <span class='ocrx_word' id='word_1_270' title='bbox 811 1161 864 1188; x_wconf 90' lang='lat' dir='ltr'>zeli</span> <span class='ocrx_word' id='word_1_271' title='bbox 889 1161 1026 1187; x_wconf 88' lang='lat' dir='ltr'>districtio</span> <span class='ocrx_word' id='word_1_272' title='bbox 1050 1170 1168 1187; x_wconf 85' lang='lat' dir='ltr'>necesse</span> <span class='ocrx_word' id='word_1_273' title='bbox 1194 1165 1246 1192; x_wconf 87' lang='lat' dir='ltr'>est,</span> <span class='ocrx_word' id='word_1_274' title='bbox 1278 1164 1309 1186; x_wconf 86' lang='lat' dir='ltr'>ut</span> <span class='ocrx_word' id='word_1_275' title='bbox 1342 1169 1375 1186; x_wconf 85' lang='lat' dir='ltr'>ex</span> <span class='ocrx_word' id='word_1_276' title='bbox 1402 1159 1609 1186; x_wconf 77' lang='lat' dir='ltr'>misericordiae</span> <span class='ocrx_word' id='word_1_277' title='bbox 1634 1160 1737 1185; x_wconf 79' lang='lat' dir='ltr'>virtute</span> <span class='ocrx_word' id='word_1_278' title='bbox 1764 1164 1792 1185; x_wconf 87' lang='lat' dir='ltr'>et</span> 
     </span>
     <span class='ocr_line' id='line_1_29' title="bbox 145 1213 1793 1249; baseline -0.002 -8"><span class='ocrx_word' id='word_1_279' title='bbox 145 1217 243 1242; x_wconf 87' lang='lat' dir='ltr'>ardeat</span> <span class='ocrx_word' id='word_1_280' title='bbox 276 1219 304 1242; x_wconf 90' lang='lat' dir='ltr'>et</span> <span class='ocrx_word' id='word_1_281' title='bbox 337 1215 484 1241; x_wconf 76' lang='lat' dir='ltr'>clarescat.</span> <span class='ocrx_word' id='word_1_282' title='bbox 534 1215 617 1241; x_wconf 83' lang='lat' dir='ltr'>Amat</span> <span class='ocrx_word' id='word_1_283' title='bbox 652 1215 725 1241; x_wconf 88' lang='lat' dir='ltr'>enim</span> <span class='ocrx_word' id='word_1_284' title='bbox 760 1215 881 1241; x_wconf 84' lang='lat' dir='ltr'>eundem</span> <span class='ocrx_word' id='word_1_285' title='bbox 914 1215 1013 1248; x_wconf 74' lang='lat' dir='ltr'>ipsum,</span> <span class='ocrx_word' id='word_1_286' title='bbox 1047 1223 1130 1249; x_wconf 86' lang='lat' dir='ltr'>quem</span> <span class='ocrx_word' id='word_1_287' title='bbox 1162 1214 1272 1248; x_wconf 81' lang='lat' dir='ltr'>insequi</span> <span class='ocrx_word' id='word_1_288' title='bbox 1303 1214 1426 1239; x_wconf 78' lang='lat' dir='ltr'>videtur.</span> <span class='ocrx_word' id='word_1_289' title='bbox 1474 1213 1557 1239; x_wconf 78' lang='lat' dir='ltr'>Unde</span> <span class='ocrx_word' id='word_1_290' title='bbox 1590 1217 1619 1239; x_wconf 85' lang='lat' dir='ltr'>et</span> <span class='ocrx_word' id='word_1_291' title='bbox 1651 1213 1742 1239; x_wconf 84' lang='lat' dir='ltr'>calida</span> <span class='ocrx_word' id='word_1_292' title='bbox 1765 1213 1793 1238; x_wconf 90' lang='lat' dir='ltr'>in</span> 
     </span>
     <span class='ocr_line' id='line_1_30' title="bbox 144 1266 1791 1302; baseline -0.002 -7"><span class='ocrx_word' id='word_1_293' title='bbox 144 1270 257 1296; x_wconf 83' lang='lat' dir='ltr'>odorem</span> <span class='ocrx_word' id='word_1_294' title='bbox 282 1269 474 1295; x_wconf 70' lang='lat' dir='ltr'>suavissimum</span> <span class='ocrx_word' id='word_1_295' title='bbox 497 1268 616 1294; x_wconf 87' lang='lat' dir='ltr'>Domino</span> <span class='ocrx_word' id='word_1_296' title='bbox 648 1268 740 1294; x_wconf 83' lang='lat' dir='ltr'>offerri</span> <span class='ocrx_word' id='word_1_297' title='bbox 765 1268 948 1302; x_wconf 83' lang='lat' dir='ltr'>praecipitur,</span> <span class='ocrx_word' id='word_1_298' title='bbox 982 1268 1057 1302; x_wconf 81' lang='lat' dir='ltr'>quia,</span> <span class='ocrx_word' id='word_1_299' title='bbox 1089 1268 1112 1293; x_wconf 86' lang='lat' dir='ltr'>si</span> <span class='ocrx_word' id='word_1_300' title='bbox 1136 1276 1256 1294; x_wconf 79' lang='lat' dir='ltr'>amorem</span> <span class='ocrx_word' id='word_1_301' title='bbox 1280 1267 1356 1293; x_wconf 79' lang='lat' dir='ltr'>zelus</span> <span class='ocrx_word' id='word_1_302' title='bbox 1381 1275 1435 1292; x_wconf 87' lang='lat' dir='ltr'>non</span> <span class='ocrx_word' id='word_1_303' title='bbox 1460 1266 1557 1298; x_wconf 86' lang='lat' dir='ltr'>hahet,</span> <span class='ocrx_word' id='word_1_304' title='bbox 1584 1275 1627 1298; x_wconf 87' lang='lat' dir='ltr'>ea,</span> <span class='ocrx_word' id='word_1_305' title='bbox 1659 1275 1731 1300; x_wconf 87' lang='lat' dir='ltr'>quae</span> <span class='ocrx_word' id='word_1_306' title='bbox 1757 1266 1791 1292; x_wconf 87' lang='lat' dir='ltr'>de</span> 
     </span>
     <span class='ocr_line' id='line_1_31' title="bbox 145 1319 1791 1357; baseline -0.001 -9"><span class='ocrx_word' id='word_1_307' title='bbox 145 1323 286 1357; x_wconf 77' lang='lat' dir='ltr'>sartagine</span> <span class='ocrx_word' id='word_1_308' title='bbox 311 1321 439 1354; x_wconf 77' lang='lat' dir='ltr'>offertur,</span> <span class='ocrx_word' id='word_1_309' title='bbox 473 1323 593 1348; x_wconf 83' lang='lat' dir='ltr'>calorem</span> <span class='ocrx_word' id='word_1_310' title='bbox 617 1321 706 1347; x_wconf 88' lang='lat' dir='ltr'>simila</span> <span class='ocrx_word' id='word_1_311' title='bbox 730 1321 832 1347; x_wconf 84' lang='lat' dir='ltr'>amisit.</span> <span class='ocrx_word' id='word_1_312' title='bbox 878 1321 1040 1347; x_wconf 82' lang='lat' dir='ltr'>Notandum</span> <span class='ocrx_word' id='word_1_313' title='bbox 1064 1320 1146 1347; x_wconf 83' lang='lat' dir='ltr'>valde</span> <span class='ocrx_word' id='word_1_314' title='bbox 1173 1325 1226 1353; x_wconf 85' lang='lat' dir='ltr'>est,</span> <span class='ocrx_word' id='word_1_315' title='bbox 1259 1320 1319 1354; x_wconf 84' lang='lat' dir='ltr'>quis</span> <span class='ocrx_word' id='word_1_316' title='bbox 1344 1320 1459 1346; x_wconf 86' lang='lat' dir='ltr'>similam</span> <span class='ocrx_word' id='word_1_317' title='bbox 1483 1319 1583 1346; x_wconf 79' lang='lat' dir='ltr'>offerre</span> <span class='ocrx_word' id='word_1_318' title='bbox 1608 1319 1791 1354; x_wconf 72' lang='lat' dir='ltr'>praecipitur,</span> 
     </span>
     <span class='ocr_line' id='line_1_32' title="bbox 144 1373 1791 1409; baseline -0.002 -8"><span class='ocrx_word' id='word_1_319' title='bbox 144 1376 279 1402; x_wconf 83' lang='lat' dir='ltr'>videlicet.</span> <span class='ocrx_word' id='word_1_320' title='bbox 303 1375 443 1407; x_wconf 79' lang='lat' dir='ltr'>sacerdos,</span> <span class='ocrx_word' id='word_1_321' title='bbox 474 1375 522 1409; x_wconf 88' lang='lat' dir='ltr'>qui</span> <span class='ocrx_word' id='word_1_322' title='bbox 544 1375 632 1409; x_wconf 86' lang='lat' dir='ltr'>patris</span> <span class='ocrx_word' id='word_1_323' title='bbox 656 1375 715 1400; x_wconf 88' lang='lat' dir='ltr'>iure</span> <span class='ocrx_word' id='word_1_324' title='bbox 741 1374 917 1400; x_wconf 73' lang='lat' dir='ltr'>successerit.</span> <span class='ocrx_word' id='word_1_325' title='bbox 964 1374 1015 1400; x_wconf 85' lang='lat' dir='ltr'>Ille</span> <span class='ocrx_word' id='word_1_326' title='bbox 1042 1375 1114 1400; x_wconf 86' lang='lat' dir='ltr'>euim</span> <span class='ocrx_word' id='word_1_327' title='bbox 1139 1374 1269 1400; x_wconf 81' lang='lat' dir='ltr'>sacerdos</span> <span class='ocrx_word' id='word_1_328' title='bbox 1293 1373 1380 1408; x_wconf 85' lang='lat' dir='ltr'>patris</span> <span class='ocrx_word' id='word_1_329' title='bbox 1405 1373 1463 1399; x_wconf 87' lang='lat' dir='ltr'>iure</span> <span class='ocrx_word' id='word_1_330' title='bbox 1488 1373 1625 1405; x_wconf 81' lang='lat' dir='ltr'>succedit,</span> <span class='ocrx_word' id='word_1_331' title='bbox 1657 1373 1704 1407; x_wconf 79' lang='lat' dir='ltr'>qui</span> <span class='ocrx_word' id='word_1_332' title='bbox 1730 1381 1791 1399; x_wconf 84' lang='lat' dir='ltr'>csse</span> 
     </span>
     <span class='ocr_line' id='line_1_33' title="bbox 145 1426 1791 1463; baseline -0.002 -8"><span class='ocrx_word' id='word_1_333' title='bbox 145 1438 175 1456; x_wconf 86' lang='lat' dir='ltr'>se</span> <span class='ocrx_word' id='word_1_334' title='bbox 199 1429 397 1463; x_wconf 82' lang='lat' dir='ltr'>omnipotentis</span> <span class='ocrx_word' id='word_1_335' title='bbox 421 1428 533 1454; x_wconf 87' lang='lat' dir='ltr'>Domini</span> <span class='ocrx_word' id='word_1_336' title='bbox 557 1427 643 1454; x_wconf 89' lang='lat' dir='ltr'>filium</span> <span class='ocrx_word' id='word_1_337' title='bbox 667 1428 788 1454; x_wconf 84' lang='lat' dir='ltr'>moribus</span> <span class='ocrx_word' id='word_1_338' title='bbox 812 1428 985 1454; x_wconf 82' lang='lat' dir='ltr'>demonstrat</span> <span class='ocrx_word' id='word_1_339' title='bbox 1010 1430 1096 1461; x_wconf 82' lang='lat' dir='ltr'>atque</span> <span class='ocrx_word' id='word_1_340' title='bbox 1114 1436 1130 1453; x_wconf 89' lang='lat' dir='ltr'>a</span> <span class='ocrx_word' id='word_1_341' title='bbox 1146 1427 1294 1453; x_wconf 81' lang='lat' dir='ltr'>nobilitate</span> <span class='ocrx_word' id='word_1_342' title='bbox 1320 1427 1416 1452; x_wconf 89' lang='lat' dir='ltr'>intima</span> <span class='ocrx_word' id='word_1_343' title='bbox 1439 1435 1555 1460; x_wconf 85' lang='lat' dir='ltr'>operum</span> <span class='ocrx_word' id='word_1_344' title='bbox 1579 1435 1689 1452; x_wconf 89' lang='lat' dir='ltr'>suorum</span> <span class='ocrx_word' id='word_1_345' title='bbox 1714 1426 1791 1460; x_wconf 72' lang='lat' dir='ltr'>igno-</span> 
     </span>
     <span class='ocr_line' id='line_1_34' title="bbox 144 1479 1791 1516; baseline -0.002 -8"><span class='ocrx_word' id='word_1_346' title='bbox 144 1482 254 1509; x_wconf 80' lang='lat' dir='ltr'>bilitate</span> <span class='ocrx_word' id='word_1_347' title='bbox 280 1491 334 1508; x_wconf 88' lang='lat' dir='ltr'>non</span> <span class='ocrx_word' id='word_1_348' title='bbox 359 1482 511 1516; x_wconf 85' lang='lat' dir='ltr'>discrepat.</span> <span class='ocrx_word' id='word_1_349' title='bbox 560 1480 640 1512; x_wconf 82' lang='lat' dir='ltr'>Quae</span> <span class='ocrx_word' id='word_1_350' title='bbox 673 1481 701 1507; x_wconf 88' lang='lat' dir='ltr'>in</span> <span class='ocrx_word' id='word_1_351' title='bbox 725 1482 807 1507; x_wconf 85' lang='lat' dir='ltr'>altari</span> <span class='ocrx_word' id='word_1_352' title='bbox 831 1484 892 1507; x_wconf 88' lang='lat' dir='ltr'>tota</span> <span class='ocrx_word' id='word_1_353' title='bbox 916 1481 1032 1507; x_wconf 81' lang='lat' dir='ltr'>cremari</span> <span class='ocrx_word' id='word_1_354' title='bbox 1056 1480 1239 1515; x_wconf 84' lang='lat' dir='ltr'>praecipitur,</span> <span class='ocrx_word' id='word_1_355' title='bbox 1271 1483 1303 1506; x_wconf 87' lang='lat' dir='ltr'>ut</span> <span class='ocrx_word' id='word_1_356' title='bbox 1333 1479 1467 1505; x_wconf 76' lang='lat' dir='ltr'>videlicet</span> <span class='ocrx_word' id='word_1_357' title='bbox 1496 1479 1707 1506; x_wconf 78' lang='lat' dir='ltr'>holochaustum</span> <span class='ocrx_word' id='word_1_358' title='bbox 1732 1479 1791 1505; x_wconf 83' lang='lat' dir='ltr'>fiat.</span> 
     </span>
     <span class='ocr_line' id='line_1_35' title="bbox 146 1527 1791 1570; baseline -0.002 -8"><span class='ocrx_word' id='word_1_359' title='bbox 146 1533 263 1562; x_wconf 79' lang='lat' dir='ltr'>Simila5</span> <span class='ocrx_word' id='word_1_360' title='bbox 286 1536 383 1570; x_wconf 85' lang='lat' dir='ltr'>itaque</span> <span class='ocrx_word' id='word_1_361' title='bbox 408 1535 437 1561; x_wconf 89' lang='lat' dir='ltr'>in</span> <span class='ocrx_word' id='word_1_362' title='bbox 461 1535 602 1569; x_wconf 82' lang='lat' dir='ltr'>sartagine</span> <span class='ocrx_word' id='word_1_363' title='bbox 628 1538 672 1561; x_wconf 82' lang='lat' dir='ltr'>est</span> <span class='ocrx_word' id='word_1_364' title='bbox 697 1535 801 1560; x_wconf 87' lang='lat' dir='ltr'>munda</span> <span class='ocrx_word' id='word_1_365' title='bbox 825 1544 903 1561; x_wconf 84' lang='lat' dir='ltr'>mens</span> <span class='ocrx_word' id='word_1_366' title='bbox 927 1534 993 1560; x_wconf 87' lang='lat' dir='ltr'>iusti</span> <span class='ocrx_word' id='word_1_367' title='bbox 1018 1534 1046 1559; x_wconf 88' lang='lat' dir='ltr'>in</span> <span class='ocrx_word' id='word_1_368' title='bbox 1070 1534 1123 1560; x_wconf 83' lang='lat' dir='ltr'>zeli</span> <span class='ocrx_word' id='word_1_369' title='bbox 1147 1533 1279 1568; x_wconf 80' lang='lat' dir='ltr'>spiritalis</span> <span class='ocrx_word' id='word_1_370' title='bbox 1308 1533 1472 1565; x_wconf 84' lang='lat' dir='ltr'>afflictione,</span> <span class='ocrx_word' id='word_1_371' title='bbox 1504 1542 1576 1567; x_wconf 82' lang='lat' dir='ltr'>quac</span> <span class='ocrx_word' id='word_1_372' title='bbox 1609 1542 1660 1567; x_wconf 79' lang='lat' dir='ltr'>per</span> <span class='ocrx_word' id='word_1_373' title='bbox 1690 1527 1791 1559; x_wconf 80' lang='lat' dir='ltr'>sollici-</span> 
     </span>
     <span class='ocr_line' id='line_1_36' title="bbox 145 1586 1791 1623; baseline -0.002 -8"><span class='ocrx_word' id='word_1_374' title='bbox 145 1589 272 1615; x_wconf 82' lang='lat' dir='ltr'>tudinem</span> <span class='ocrx_word' id='word_1_375' title='bbox 296 1589 450 1615; x_wconf 87' lang='lat' dir='ltr'>animarum</span> <span class='ocrx_word' id='word_1_376' title='bbox 472 1588 585 1623; x_wconf 84' lang='lat' dir='ltr'>frigitur</span> <span class='ocrx_word' id='word_1_377' title='bbox 609 1593 637 1614; x_wconf 90' lang='lat' dir='ltr'>et</span> <span class='ocrx_word' id='word_1_378' title='bbox 661 1597 716 1614; x_wconf 88' lang='lat' dir='ltr'>nou</span> <span class='ocrx_word' id='word_1_379' title='bbox 740 1587 828 1614; x_wconf 85' lang='lat' dir='ltr'>solum</span> <span class='ocrx_word' id='word_1_380' title='bbox 853 1587 1029 1619; x_wconf 81' lang='lat' dir='ltr'>sacrificium,</span> <span class='ocrx_word' id='word_1_381' title='bbox 1054 1587 1104 1613; x_wconf 86' lang='lat' dir='ltr'>sed</span> <span class='ocrx_word' id='word_1_382' title='bbox 1130 1587 1214 1613; x_wconf 81' lang='lat' dir='ltr'>etiam</span> <span class='ocrx_word' id='word_1_383' title='bbox 1238 1586 1450 1613; x_wconf 84' lang='lat' dir='ltr'>holochaustum</span> <span class='ocrx_word' id='word_1_384' title='bbox 1471 1586 1589 1612; x_wconf 90' lang='lat' dir='ltr'>Domino</span> <span class='ocrx_word' id='word_1_385' title='bbox 1615 1595 1676 1612; x_wconf 80' lang='lat' dir='ltr'>esse</span> <span class='ocrx_word' id='word_1_386' title='bbox 1702 1587 1791 1621; x_wconf 86' lang='lat' dir='ltr'>depu—</span> 
     </span>
     <span class='ocr_line' id='line_1_37' title="bbox 145 1639 1792 1676; baseline -0.002 -8"><span class='ocrx_word' id='word_1_387' title='bbox 145 1646 232 1669; x_wconf 84' lang='lat' dir='ltr'>tatur.</span> <span class='ocrx_word' id='word_1_388' title='bbox 279 1642 424 1669; x_wconf 83' lang='lat' dir='ltr'>Sumamus</span> <span class='ocrx_word' id='word_1_389' title='bbox 449 1642 534 1676; x_wconf 82' lang='lat' dir='ltr'>igitur</span> <span class='ocrx_word' id='word_1_390' title='bbox 557 1642 728 1676; x_wconf 79' lang='lat' dir='ltr'>sartaginem</span> <span class='ocrx_word' id='word_1_391' title='bbox 751 1642 873 1668; x_wconf 85' lang='lat' dir='ltr'>ferream</span> <span class='ocrx_word' id='word_1_392' title='bbox 906 1644 933 1667; x_wconf 86' lang='lat' dir='ltr'>et</span> <span class='ocrx_word' id='word_1_393' title='bbox 966 1650 1100 1675; x_wconf 83' lang='lat' dir='ltr'>ponamus</span> <span class='ocrx_word' id='word_1_394' title='bbox 1133 1649 1193 1666; x_wconf 85' lang='lat' dir='ltr'>eam</span> <span class='ocrx_word' id='word_1_395' title='bbox 1223 1649 1330 1665; x_wconf 87' lang='lat' dir='ltr'>murum</span> <span class='ocrx_word' id='word_1_396' title='bbox 1354 1639 1476 1666; x_wconf 84' lang='lat' dir='ltr'>ferreum</span> <span class='ocrx_word' id='word_1_397' title='bbox 1500 1640 1575 1666; x_wconf 81' lang='lat' dir='ltr'>inter</span> <span class='ocrx_word' id='word_1_398' title='bbox 1598 1649 1647 1666; x_wconf 87' lang='lat' dir='ltr'>nos</span> <span class='ocrx_word' id='word_1_399' title='bbox 1672 1644 1701 1666; x_wconf 89' lang='lat' dir='ltr'>ct</span> <span class='ocrx_word' id='word_1_400' title='bbox 1726 1640 1792 1665; x_wconf 78' lang='lat' dir='ltr'>civi-</span> 
     </span>
     <span class='ocr_line' id='line_1_38' title="bbox 146 1693 1792 1728; baseline -0.002 -6"><span class='ocrx_word' id='word_1_401' title='bbox 146 1699 245 1728; x_wconf 85' lang='lat' dir='ltr'>tatem,</span> <span class='ocrx_word' id='word_1_402' title='bbox 270 1696 298 1722; x_wconf 93' lang='lat' dir='ltr'>id</span> <span class='ocrx_word' id='word_1_403' title='bbox 324 1699 377 1728; x_wconf 80' lang='lat' dir='ltr'>est,</span> <span class='ocrx_word' id='word_1_404' title='bbox 403 1696 579 1721; x_wconf 79' lang='lat' dir='ltr'>adsumamus</span> <span class='ocrx_word' id='word_1_405' title='bbox 603 1695 693 1721; x_wconf 87' lang='lat' dir='ltr'>zelum</span> <span class='ocrx_word' id='word_1_406' title='bbox 717 1695 827 1727; x_wconf 77' lang='lat' dir='ltr'>fortem,</span> <span class='ocrx_word' id='word_1_407' title='bbox 854 1698 883 1720; x_wconf 89' lang='lat' dir='ltr'>ut</span> <span class='ocrx_word' id='word_1_408' title='bbox 908 1695 983 1721; x_wconf 87' lang='lat' dir='ltr'>inter</span> <span class='ocrx_word' id='word_1_409' title='bbox 1006 1703 1055 1720; x_wconf 84' lang='lat' dir='ltr'>nos</span> <span class='ocrx_word' id='word_1_410' title='bbox 1081 1699 1108 1720; x_wconf 90' lang='lat' dir='ltr'>et</span> <span class='ocrx_word' id='word_1_411' title='bbox 1133 1694 1266 1720; x_wconf 88' lang='lat' dir='ltr'>auditoris</span> <span class='ocrx_word' id='word_1_412' title='bbox 1290 1694 1377 1719; x_wconf 83' lang='lat' dir='ltr'>nostri</span> <span class='ocrx_word' id='word_1_413' title='bbox 1395 1694 1515 1719; x_wconf 89' lang='lat' dir='ltr'>animum</span> <span class='ocrx_word' id='word_1_414' title='bbox 1533 1693 1705 1719; x_wconf 71' lang='lat' dir='ltr'>inveniamus</span> <span class='ocrx_word' id='word_1_415' title='bbox 1723 1693 1792 1719; x_wconf 85' lang='lat' dir='ltr'>hanc</span> 
     </span>
     <span class='ocr_line' id='line_1_39' title="bbox 145 1747 1793 1784; baseline -0.002 -9"><span class='ocrx_word' id='word_1_416' title='bbox 145 1750 320 1784; x_wconf 85' lang='lat' dir='ltr'>postmodum</span> <span class='ocrx_word' id='word_1_417' title='bbox 345 1749 447 1775; x_wconf 86' lang='lat' dir='ltr'>fortem</span> <span class='ocrx_word' id='word_1_418' title='bbox 471 1749 663 1775; x_wconf 86' lang='lat' dir='ltr'>munitionem.</span> <span class='ocrx_word' id='word_1_419' title='bbox 710 1749 789 1774; x_wconf 86' lang='lat' dir='ltr'>Tunc</span> <span class='ocrx_word' id='word_1_420' title='bbox 816 1748 888 1774; x_wconf 85' lang='lat' dir='ltr'>enim</span> <span class='ocrx_word' id='word_1_421' title='bbox 912 1748 985 1773; x_wconf 83' lang='lat' dir='ltr'>hunc</span> <span class='ocrx_word' id='word_1_422' title='bbox 1009 1757 1116 1773; x_wconf 89' lang='lat' dir='ltr'>murum</span> <span class='ocrx_word' id='word_1_423' title='bbox 1141 1747 1262 1773; x_wconf 81' lang='lat' dir='ltr'>ferreum</span> <span class='ocrx_word' id='word_1_424' title='bbox 1287 1747 1427 1773; x_wconf 80' lang='lat' dir='ltr'>inventuri</span> <span class='ocrx_word' id='word_1_425' title='bbox 1452 1756 1556 1780; x_wconf 79' lang='lat' dir='ltr'>sumus,</span> <span class='ocrx_word' id='word_1_426' title='bbox 1586 1747 1608 1772; x_wconf 74' lang='lat' dir='ltr'>si</span> <span class='ocrx_word' id='word_1_427' title='bbox 1632 1756 1704 1773; x_wconf 90' lang='lat' dir='ltr'>nunc</span> <span class='ocrx_word' id='word_1_428' title='bbox 1731 1755 1793 1773; x_wconf 81' lang='lat' dir='ltr'>euin</span> 
     </span>
     <span class='ocr_line' id='line_1_40' title="bbox 146 1800 1792 1835; baseline -0.002 -7"><span class='ocrx_word' id='word_1_429' title='bbox 146 1802 258 1829; x_wconf 84' lang='lat' dir='ltr'>fortiter</span> <span class='ocrx_word' id='word_1_430' title='bbox 281 1806 420 1835; x_wconf 83' lang='lat' dir='ltr'>tenemus,</span> <span class='ocrx_word' id='word_1_431' title='bbox 444 1802 578 1828; x_wconf 75' lang='lat' dir='ltr'>videlicet</span> <span class='ocrx_word' id='word_1_432' title='bbox 604 1802 741 1832; x_wconf 80' lang='lat' dir='ltr'>docendo,</span> <span class='ocrx_word' id='word_1_433' title='bbox 773 1801 968 1833; x_wconf 77' lang='lat' dir='ltr'>custodiendo,</span> <span class='ocrx_word' id='word_1_434' title='bbox 1001 1801 1155 1832; x_wconf 78' lang='lat' dir='ltr'>suadendo,</span> <span class='ocrx_word' id='word_1_435' title='bbox 1188 1800 1370 1834; x_wconf 84' lang='lat' dir='ltr'>increpando,</span> <span class='ocrx_word' id='word_1_436' title='bbox 1401 1801 1560 1828; x_wconf 69' lang='lat' dir='ltr'>mulcendo,</span> <span class='ocrx_word' id='word_1_437' title='bbox 1585 1800 1718 1825; x_wconf 78' lang='lat' dir='ltr'>terrendo</span> <span class='ocrx_word' id='word_1_438' title='bbox 1743 1801 1792 1825; x_wconf 80' lang='lat' dir='ltr'>ali-</span> 
     </span>
     <span class='ocr_line' id='line_1_41' title="bbox 146 1853 1792 1890; baseline -0.001 -9"><span class='ocrx_word' id='word_1_439' title='bbox 146 1856 257 1890; x_wconf 86' lang='lat' dir='ltr'>quando</span> <span class='ocrx_word' id='word_1_440' title='bbox 288 1855 400 1888; x_wconf 80' lang='lat' dir='ltr'>leniter,</span> <span class='ocrx_word' id='word_1_441' title='bbox 432 1855 581 1889; x_wconf 83' lang='lat' dir='ltr'>aliquando</span> <span class='ocrx_word' id='word_1_442' title='bbox 613 1863 679 1881; x_wconf 76' lang='lat' dir='ltr'>vero</span> <span class='ocrx_word' id='word_1_443' title='bbox 712 1858 741 1881; x_wconf 88' lang='lat' dir='ltr'>ct</span> <span class='ocrx_word' id='word_1_444' title='bbox 772 1855 896 1881; x_wconf 78' lang='lat' dir='ltr'>severius</span> <span class='ocrx_word' id='word_1_445' title='bbox 927 1854 1048 1888; x_wconf 78' lang='lat' dir='ltr'>agendo.</span> <span class='ocrx_word' id='word_1_446' title='bbox 1095 1854 1138 1880; x_wconf 89' lang='lat' dir='ltr'>De</span> <span class='ocrx_word' id='word_1_447' title='bbox 1173 1863 1228 1888; x_wconf 89' lang='lat' dir='ltr'>qua</span> <span class='ocrx_word' id='word_1_448' title='bbox 1256 1854 1410 1879; x_wconf 75' lang='lat' dir='ltr'>severitate</span> <span class='ocrx_word' id='word_1_449' title='bbox 1436 1863 1487 1888; x_wconf 88' lang='lat' dir='ltr'>per</span> <span class='ocrx_word' id='word_1_450' title='bbox 1511 1853 1690 1879; x_wconf 74' lang='lat' dir='ltr'>Ezechielem</span> <span class='ocrx_word' id='word_1_451' title='bbox 1715 1858 1792 1879; x_wconf 82' lang='lat' dir='ltr'>reete</span> 
     </span>
     <span class='ocr_line' id='line_1_42' title="bbox 145 1904 1794 1945; baseline -0.002 -10"><span class='ocrx_word' id='word_1_452' title='bbox 145 1909 289 1935; x_wconf 84' lang='lat' dir='ltr'>subditur:</span> <span class='ocrx_word' id='word_1_453' title='bbox 317 1908 357 1935; x_wconf 83' lang='lat' dir='ltr'>Et</span> <span class='ocrx_word' id='word_1_454' title='bbox 379 1907 538 1945; x_wconf 68' lang='lat' dir='ltr'>olfirmabis</span> <span class='ocrx_word' id='word_1_455' title='bbox 555 1907 664 1942; x_wconf 72' lang='lat' dir='ltr'>facicm</span> <span class='ocrx_word' id='word_1_456' title='bbox 690 1911 763 1934; x_wconf 76' lang='lat' dir='ltr'>tuam</span> <span class='ocrx_word' id='word_1_457' title='bbox 789 1907 829 1934; x_wconf 77' lang='lat' dir='ltr'>ad</span> <span class='ocrx_word' id='word_1_458' title='bbox 851 1916 921 1939; x_wconf 78' lang='lat' dir='ltr'>eam,</span> <span class='ocrx_word' id='word_1_459' title='bbox 947 1911 971 1933; x_wconf 77' lang='lat' dir='ltr'>e!</span> <span class='ocrx_word' id='word_1_460' title='bbox 995 1906 1047 1933; x_wconf 70' lang='lat' dir='ltr'>crit</span> <span class='ocrx_word' id='word_1_461' title='bbox 1070 1906 1096 1933; x_wconf 74' lang='lat' dir='ltr'>in</span> <span class='ocrx_word' id='word_1_462' title='bbox 1122 1906 1298 1933; x_wconf 72' lang='lat' dir='ltr'>obsidionem.</span> <span class='ocrx_word' id='word_1_463' title='bbox 1336 1906 1410 1937; x_wconf 84' lang='lat' dir='ltr'>Quid</span> <span class='ocrx_word' id='word_1_464' title='bbox 1422 1904 1433 1921; x_wconf 72' lang='lat'>‘¹&#39;</span> <span class='ocrx_word' id='word_1_465' title='bbox 1458 1911 1499 1932; x_wconf 75' lang='lat' dir='ltr'>cst</span> <span class='ocrx_word' id='word_1_466' title='bbox 1525 1906 1671 1933; x_wconf 81' lang='lat' dir='ltr'>obfirmare</span> <span class='ocrx_word' id='word_1_467' title='bbox 1694 1907 1794 1933; x_wconf 82' lang='lat' dir='ltr'>facicm</span> 
     </span>
     <span class='ocr_line' id='line_1_43' title="bbox 146 1960 1792 1996; baseline -0.002 -8"><span class='ocrx_word' id='word_1_468' title='bbox 146 1963 181 1989; x_wconf 88' lang='lat' dir='ltr'>ad</span> <span class='ocrx_word' id='word_1_469' title='bbox 205 1962 384 1988; x_wconf 80' lang='lat' dir='ltr'>Hierusalem</span> <span class='ocrx_word' id='word_1_470' title='bbox 408 1962 435 1987; x_wconf 94' lang='lat' dir='ltr'>in</span> <span class='ocrx_word' id='word_1_471' title='bbox 459 1961 551 1987; x_wconf 82' lang='lat' dir='ltr'>latere</span> <span class='ocrx_word' id='word_1_472' title='bbox 576 1961 757 1996; x_wconf 80' lang='lat' dir='ltr'>descriptam,</span> <span class='ocrx_word' id='word_1_473' title='bbox 790 1961 841 1986; x_wconf 89' lang='lat' dir='ltr'>nisi</span> <span class='ocrx_word' id='word_1_474' title='bbox 873 1964 903 1986; x_wconf 87' lang='lat' dir='ltr'>ut</span> <span class='ocrx_word' id='word_1_475' title='bbox 930 1961 954 1987; x_wconf 86' lang='lat' dir='ltr'>ei</span> <span class='ocrx_word' id='word_1_476' title='bbox 979 1961 1098 1993; x_wconf 83' lang='lat' dir='ltr'>animae,</span> <span class='ocrx_word' id='word_1_477' title='bbox 1131 1960 1175 1986; x_wconf 85' lang='lat' dir='ltr'>cui</span> <span class='ocrx_word' id='word_1_478' title='bbox 1206 1960 1337 1986; x_wconf 88' lang='lat' dir='ltr'>caelestis</span> <span class='ocrx_word' id='word_1_479' title='bbox 1362 1960 1438 1994; x_wconf 86' lang='lat' dir='ltr'>pacis</span> <span class='ocrx_word' id='word_1_480' title='bbox 1463 1960 1597 1986; x_wconf 74' lang='lat' dir='ltr'>visionem</span> <span class='ocrx_word' id='word_1_481' title='bbox 1622 1961 1719 1986; x_wconf 85' lang='lat' dir='ltr'>doctor</span> <span class='ocrx_word' id='word_1_482' title='bbox 1743 1960 1792 1985; x_wconf 87' lang='lat' dir='ltr'>de-</span> 
     </span>
     <span class='ocr_line' id='line_1_44' title="bbox 145 2013 1793 2048; baseline -0.002 -7"><span class='ocrx_word' id='word_1_483' title='bbox 145 2015 266 2048; x_wconf 79' lang='lat' dir='ltr'>nuntiat,</span> <span class='ocrx_word' id='word_1_484' title='bbox 292 2015 314 2041; x_wconf 87' lang='lat' dir='ltr'>si</span> <span class='ocrx_word' id='word_1_485' title='bbox 338 2015 428 2041; x_wconf 87' lang='lat' dir='ltr'>adhuc</span> <span class='ocrx_word' id='word_1_486' title='bbox 455 2023 515 2041; x_wconf 83' lang='lat' dir='ltr'>eam</span> <span class='ocrx_word' id='word_1_487' title='bbox 540 2014 671 2040; x_wconf 79' lang='lat' dir='ltr'>infirmari</span> <span class='ocrx_word' id='word_1_488' title='bbox 696 2015 723 2040; x_wconf 92' lang='lat' dir='ltr'>in</span> <span class='ocrx_word' id='word_1_489' title='bbox 748 2014 803 2040; x_wconf 84' lang='lat' dir='ltr'>suis</span> <span class='ocrx_word' id='word_1_490' title='bbox 829 2014 938 2039; x_wconf 83' lang='lat' dir='ltr'>actibus</span> <span class='ocrx_word' id='word_1_491' title='bbox 964 2014 1110 2048; x_wconf 74' lang='lat' dir='ltr'>conspicit,</span> <span class='ocrx_word' id='word_1_492' title='bbox 1135 2013 1320 2039; x_wconf 79' lang='lat' dir='ltr'>remissiorem</span> <span class='ocrx_word' id='word_1_493' title='bbox 1346 2017 1373 2039; x_wconf 85' lang='lat' dir='ltr'>ct</span> <span class='ocrx_word' id='word_1_494' title='bbox 1399 2013 1608 2039; x_wconf 83' lang='lat' dir='ltr'>clementiorem</span> <span class='ocrx_word' id='word_1_495' title='bbox 1634 2023 1662 2039; x_wconf 73' lang='lat' dir='ltr'>se</span> <span class='ocrx_word' id='word_1_496' title='bbox 1684 2014 1793 2039; x_wconf 85' lang='lat' dir='ltr'>minime</span> 
     </span>
     <span class='ocr_line' id='line_1_45' title="bbox 145 2066 1794 2103; baseline -0.002 -8"><span class='ocrx_word' id='word_1_497' title='bbox 145 2069 298 2095; x_wconf 68' lang='lat' dir='ltr'>ostendat?</span> <span class='ocrx_word' id='word_1_498' title='bbox 334 2067 475 2103; x_wconf 85' lang='lat' dir='ltr'>Scriptum</span> <span class='ocrx_word' id='word_1_499' title='bbox 500 2071 559 2094; x_wconf 84' lang='lat' dir='ltr'>est:</span> <span class='ocrx_word' id='word_1_500' title='bbox 588 2067 680 2094; x_wconf 76' lang='lat' dir='ltr'>Filiae</span> <span class='ocrx_word' id='word_1_501' title='bbox 704 2067 751 2094; x_wconf 77' lang='lat' dir='ltr'>tihi</span> <span class='ocrx_word' id='word_1_502' title='bbox 772 2068 858 2093; x_wconf 61' lang='lat' dir='ltr'>sunt!</span> <span class='ocrx_word' id='word_1_503' title='bbox 893 2068 982 2094; x_wconf 64' lang='lat' dir='ltr'>Set-ra</span> <span class='ocrx_word' id='word_1_504' title='bbox 1008 2076 1109 2102; x_wconf 61' lang='lat' dir='ltr'>cin-pus</span> <span class='ocrx_word' id='word_1_505' title='bbox 1132 2066 1242 2093; x_wconf 71' lang='lat' dir='ltr'>illarmn</span> <span class='ocrx_word' id='word_1_506' title='bbox 1269 2070 1294 2093; x_wconf 75' lang='lat' dir='ltr'>ct</span> <span class='ocrx_word' id='word_1_507' title='bbox 1317 2076 1370 2093; x_wconf 75' lang='lat' dir='ltr'>non</span> <span class='ocrx_word' id='word_1_508' title='bbox 1396 2066 1526 2093; x_wconf 63' lang='lat' dir='ltr'>ostendas</span> <span class='ocrx_word' id='word_1_509' title='bbox 1551 2066 1666 2093; x_wconf 66' lang='lat' dir='ltr'>hilm-mn</span> <span class='ocrx_word' id='word_1_510' title='bbox 1685 2066 1794 2100; x_wconf 46' lang='lat' dir='ltr'>,silviam</span> 
     </span>
    </p>
   </div>
   <div class='ocr_carea' id='block_1_11' title="bbox 146 2120 1796 2156">
    <p class='ocr_par' dir='ltr' id='par_1_11' title="bbox 146 2120 1796 2156">
     <span class='ocr_line' id='line_1_46' title="bbox 146 2120 1796 2156; baseline -0.002 -7"><span class='ocrx_word' id='word_1_511' title='bbox 146 2125 221 2149; x_wconf 75' lang='lat' dir='ltr'>tuam</span> <span class='ocrx_word' id='word_1_512' title='bbox 245 2122 285 2149; x_wconf 80' lang='lat' dir='ltr'>(ch</span> <span class='ocrx_word' id='word_1_513' title='bbox 307 2121 378 2148; x_wconf 75' lang='lat' dir='ltr'>illas.</span> <span class='ocrx_word' id='word_1_514' title='bbox 425 2121 554 2147; x_wconf 87' lang='lat' dir='ltr'>Infirmae</span> <span class='ocrx_word' id='word_1_515' title='bbox 580 2121 685 2156; x_wconf 89' lang='lat' dir='ltr'>quippe</span> <span class='ocrx_word' id='word_1_516' title='bbox 711 2122 818 2148; x_wconf 82' lang='lat' dir='ltr'>animae</span> <span class='ocrx_word' id='word_1_517' title='bbox 851 2124 936 2154; x_wconf 82' lang='lat' dir='ltr'>atque</span> <span class='ocrx_word' id='word_1_518' title='bbox 962 2121 997 2146; x_wconf 85' lang='lat' dir='ltr'>ad</span> <span class='ocrx_word' id='word_1_519' title='bbox 1022 2120 1181 2154; x_wconf 85' lang='lat' dir='ltr'>appetitum</span> <span class='ocrx_word' id='word_1_520' title='bbox 1205 2120 1300 2145; x_wconf 87' lang='lat' dir='ltr'>mundi</span> <span class='ocrx_word' id='word_1_521' title='bbox 1323 2120 1437 2145; x_wconf 78' lang='lat' dir='ltr'>deditae</span> <span class='ocrx_word' id='word_1_522' title='bbox 1463 2120 1613 2154; x_wconf 80' lang='lat' dir='ltr'>aliquando</span> <span class='ocrx_word' id='word_1_523' title='bbox 1638 2120 1736 2145; x_wconf 78' lang='lat' dir='ltr'>melius</span> <span class='ocrx_word' id='word_1_524' title='bbox 1763 2130 1796 2146; x_wconf 77' lang='lat' dir='ltr'>cx</span> 
     </span>
    </p>
   </div>
   <div class='ocr_carea' id='block_1_12' title="bbox 147 2248 1796 2593">
    <p class='ocr_par' dir='ltr' id='par_1_12' title="bbox 147 2248 1796 2593">
     <span class='ocr_line' id='line_1_47' title="bbox 253 2248 1794 2282; baseline -0.001 -6"><span class='ocrx_word' id='word_1_525' title='bbox 253 2252 401 2276; x_wconf 82' lang='lat' dir='ltr'>XXXHII.</span> <span class='ocrx_word' id='word_1_526' title='bbox 431 2253 445 2276; x_wconf 85' lang='grc'><strong>2</strong></span> <span class='ocrx_word' id='word_1_527' title='bbox 467 2249 572 2282; x_wconf 83' lang='lat' dir='ltr'>domus]</span> <span class='ocrx_word' id='word_1_528' title='bbox 600 2252 695 2275; x_wconf 78' lang='lat' dir='ltr'>dumus</span> <span class='ocrx_word' id='word_1_529' title='bbox 716 2250 748 2275; x_wconf 82' lang='lat' dir='ltr'>B.</span> <span class='ocrx_word' id='word_1_530' title='bbox 848 2252 861 2275; x_wconf 83' lang='lat'>3</span> <span class='ocrx_word' id='word_1_531' title='bbox 883 2250 1082 2275; x_wconf 72' lang='lat' dir='ltr'>scandalizator</span> <span class='ocrx_word' id='word_1_532' title='bbox 1102 2250 1132 2274; x_wconf 79' lang='lat' dir='ltr'>B.</span> <span class='ocrx_word' id='word_1_533' title='bbox 1232 2252 1247 2274; x_wconf 74' lang='lat'>4</span> <span class='ocrx_word' id='word_1_534' title='bbox 1268 2248 1339 2281; x_wconf 85' lang='lat' dir='ltr'>uror]</span> <span class='ocrx_word' id='word_1_535' title='bbox 1366 2251 1448 2275; x_wconf 85' lang='lat' dir='ltr'>huror</span> <span class='ocrx_word' id='word_1_536' title='bbox 1471 2250 1500 2274; x_wconf 73' lang='grc' dir='ltr'>Β.</span> <span class='ocrx_word' id='word_1_537' title='bbox 1597 2252 1611 2275; x_wconf 84' lang='lat' dir='ltr'><strong>G</strong></span> <span class='ocrx_word' id='word_1_538' title='bbox 1632 2248 1794 2282; x_wconf 71' lang='lat' dir='ltr'>qnoquebat]</span> 
     </span>
     <span class='ocr_line' id='line_1_48' title="bbox 147 2292 1795 2328; baseline -0.001 -7"><span class='ocrx_word' id='word_1_539' title='bbox 147 2297 183 2321; x_wconf 77' lang='grc' dir='ltr'>ἰια</span> <span class='ocrx_word' id='word_1_540' title='bbox 205 2297 233 2320; x_wconf 68' lang='lat' dir='ltr'>lt.</span> <span class='ocrx_word' id='word_1_541' title='bbox 254 2296 285 2326; x_wconf 77' lang='lat' dir='ltr'>H,</span> <span class='ocrx_word' id='word_1_542' title='bbox 315 2297 449 2328; x_wconf 83' lang='lat' dir='ltr'>coquebat</span> <span class='ocrx_word' id='word_1_543' title='bbox 468 2296 499 2326; x_wconf 90' lang='lat' dir='ltr'>L,</span> <span class='ocrx_word' id='word_1_544' title='bbox 529 2296 698 2327; x_wconf 81' lang='lat' dir='ltr'>coquebatur</span> <span class='ocrx_word' id='word_1_545' title='bbox 722 2295 757 2319; x_wconf 71' lang='grc' dir='ltr'>Μ.</span> <span class='ocrx_word' id='word_1_546' title='bbox 850 2296 863 2320; x_wconf 75' lang='lat'>7</span> <span class='ocrx_word' id='word_1_547' title='bbox 886 2292 965 2326; x_wconf 88' lang='lat' dir='ltr'>inter]</span> <span class='ocrx_word' id='word_1_548' title='bbox 994 2296 1063 2319; x_wconf 85' lang='lat' dir='ltr'>intra</span> <span class='ocrx_word' id='word_1_549' title='bbox 1084 2295 1116 2319; x_wconf 70' lang='grc' dir='ltr'>Β.</span> <span class='ocrx_word' id='word_1_550' title='bbox 1208 2296 1222 2318; x_wconf 78' lang='grc'>8</span> <span class='ocrx_word' id='word_1_551' title='bbox 1243 2295 1314 2319; x_wconf 84' lang='lat' dir='ltr'>idem</span> <span class='ocrx_word' id='word_1_552' title='bbox 1338 2303 1350 2319; x_wconf 78' lang='lat' dir='ltr'>e</span> <span class='ocrx_word' id='word_1_553' title='bbox 1369 2303 1431 2319; x_wconf 59' lang='lat' dir='ltr'>corr,</span> <span class='ocrx_word' id='word_1_554' title='bbox 1452 2295 1484 2319; x_wconf 77' lang='lat' dir='ltr'>R.</span> <span class='ocrx_word' id='word_1_555' title='bbox 1576 2296 1590 2319; x_wconf 80' lang='lat'><strong>9</strong></span> <span class='ocrx_word' id='word_1_556' title='bbox 1619 2296 1742 2320; x_wconf 79' lang='lat' dir='ltr'>extremis</span> <span class='ocrx_word' id='word_1_557' title='bbox 1764 2295 1795 2319; x_wconf 78' lang='lat' dir='ltr'>B.</span> 
     </span>
     <span class='ocr_line' id='line_1_49' title="bbox 148 2336 1795 2370; baseline -0.001 -5"><span class='ocrx_word' id='word_1_558' title='bbox 148 2342 266 2365; x_wconf 82' lang='lat' dir='ltr'>animum</span> <span class='ocrx_word' id='word_1_559' title='bbox 287 2340 318 2365; x_wconf 62' lang='grc' dir='ltr'>ΙΙ.</span> <span class='ocrx_word' id='word_1_560' title='bbox 391 2339 496 2364; x_wconf 78' lang='lat' dir='ltr'>zelatus</span> <span class='ocrx_word' id='word_1_561' title='bbox 515 2340 548 2364; x_wconf 84' lang='lat' dir='ltr'>R.</span> <span class='ocrx_word' id='word_1_562' title='bbox 568 2340 598 2364; x_wconf 88' lang='lat' dir='ltr'>L.</span> <span class='ocrx_word' id='word_1_563' title='bbox 619 2340 651 2364; x_wconf 87' lang='lat' dir='ltr'>B.</span> <span class='ocrx_word' id='word_1_564' title='bbox 725 2337 757 2370; x_wconf 73' lang='lat' dir='ltr'>is]</span> <span class='ocrx_word' id='word_1_565' title='bbox 781 2340 820 2363; x_wconf 77' lang='lat' dir='ltr'>his</span> <span class='ocrx_word' id='word_1_566' title='bbox 841 2339 873 2363; x_wconf 72' lang='lat' dir='ltr'>la&#39;.</span> <span class='ocrx_word' id='word_1_567' title='bbox 949 2340 980 2363; x_wconf 72' lang='grc'>14)</span> <span class='ocrx_word' id='word_1_568' title='bbox 1000 2336 1081 2370; x_wconf 78' lang='lat' dir='ltr'>quod]</span> <span class='ocrx_word' id='word_1_569' title='bbox 1102 2347 1181 2370; x_wconf 86' lang='lat' dir='ltr'>quem</span> <span class='ocrx_word' id='word_1_570' title='bbox 1201 2339 1237 2363; x_wconf 44' lang='lat' dir='ltr'>all.</span> <span class='ocrx_word' id='word_1_571' title='bbox 1303 2336 1432 2370; x_wconf 80' lang='lat' dir='ltr'>auctoris]</span> <span class='ocrx_word' id='word_1_572' title='bbox 1453 2340 1585 2363; x_wconf 77' lang='lat' dir='ltr'>auditoris</span> <span class='ocrx_word' id='word_1_573' title='bbox 1606 2340 1642 2364; x_wconf 68' lang='lat' dir='ltr'>JI.</span> <span class='ocrx_word' id='word_1_574' title='bbox 1718 2341 1746 2363; x_wconf 91' lang='lat'>11</span> <span class='ocrx_word' id='word_1_575' title='bbox 1770 2341 1795 2363; x_wconf 88' lang='lat' dir='ltr'>in</span> 
     </span>
     <span class='ocr_line' id='line_1_50' title="bbox 147 2381 1794 2416; baseline -0.002 -7"><span class='ocrx_word' id='word_1_576' title='bbox 147 2385 213 2409; x_wconf 69' lang='lat' dir='ltr'>deest</span> <span class='ocrx_word' id='word_1_577' title='bbox 231 2385 263 2409; x_wconf 80' lang='lat' dir='ltr'>B.</span> <span class='ocrx_word' id='word_1_578' title='bbox 322 2386 352 2409; x_wconf 72' lang='lat'>1¹2</span> <span class='ocrx_word' id='word_1_579' title='bbox 372 2393 420 2416; x_wconf 81' lang='lat' dir='ltr'>per</span> <span class='ocrx_word' id='word_1_580' title='bbox 438 2384 503 2408; x_wconf 71' lang='lat' dir='ltr'>deest</span> <span class='ocrx_word' id='word_1_581' title='bbox 522 2384 554 2409; x_wconf 87' lang='lat' dir='ltr'>B.</span> <span class='ocrx_word' id='word_1_582' title='bbox 615 2386 646 2408; x_wconf 87' lang='lat'>13</span> <span class='ocrx_word' id='word_1_583' title='bbox 667 2381 793 2414; x_wconf 77' lang='lat' dir='ltr'>Domino]</span> <span class='ocrx_word' id='word_1_584' title='bbox 815 2384 873 2407; x_wconf 87' lang='lat' dir='ltr'>Deo</span> <span class='ocrx_word' id='word_1_585' title='bbox 894 2383 930 2407; x_wconf 63' lang='grc' dir='ltr'>ΙΙΙ.</span> <span class='ocrx_word' id='word_1_586' title='bbox 995 2384 1026 2407; x_wconf 78' lang='lat'>15</span> <span class='ocrx_word' id='word_1_587' title='bbox 1047 2391 1195 2414; x_wconf 83' lang='lat' dir='ltr'>consparsa</span> <span class='ocrx_word' id='word_1_588' title='bbox 1214 2383 1246 2407; x_wconf 82' lang='lat' dir='ltr'>L.</span> <span class='ocrx_word' id='word_1_589' title='bbox 1310 2384 1340 2408; x_wconf 72' lang='lat'>17</span> <span class='ocrx_word' id='word_1_590' title='bbox 1362 2384 1566 2408; x_wconf 80' lang='lat' dir='ltr'>misericordiae</span> <span class='ocrx_word' id='word_1_591' title='bbox 1588 2384 1620 2408; x_wconf 69' lang='lat' dir='ltr'>It.</span> <span class='ocrx_word' id='word_1_592' title='bbox 1683 2386 1713 2407; x_wconf 70' lang='lat' dir='ltr'>ls</span> <span class='ocrx_word' id='word_1_593' title='bbox 1735 2383 1794 2407; x_wconf 64' lang='lat' dir='ltr'>oleo</span> 
     </span>
     <span class='ocr_line' id='line_1_51' title="bbox 148 2425 1795 2460; baseline -0.001 -7"><span class='ocrx_word' id='word_1_594' title='bbox 148 2427 231 2460; x_wconf 77' lang='lat' dir='ltr'>mens]</span> <span class='ocrx_word' id='word_1_595' title='bbox 251 2438 324 2453; x_wconf 83' lang='lat' dir='ltr'>mens</span> <span class='ocrx_word' id='word_1_596' title='bbox 345 2428 406 2453; x_wconf 75' lang='lat' dir='ltr'>oleo</span> <span class='ocrx_word' id='word_1_597' title='bbox 428 2429 464 2452; x_wconf 74' lang='lat' dir='ltr'>JI.</span> <span class='ocrx_word' id='word_1_598' title='bbox 526 2430 554 2453; x_wconf 82' lang='grc'>2]</span> <span class='ocrx_word' id='word_1_599' title='bbox 579 2426 622 2458; x_wconf 86' lang='lat' dir='ltr'>de]</span> <span class='ocrx_word' id='word_1_600' title='bbox 644 2429 671 2452; x_wconf 88' lang='lat' dir='ltr'>in</span> <span class='ocrx_word' id='word_1_601' title='bbox 691 2428 722 2452; x_wconf 86' lang='lat' dir='ltr'>B.</span> <span class='ocrx_word' id='word_1_602' title='bbox 786 2429 818 2452; x_wconf 73' lang='lat'>22</span> <span class='ocrx_word' id='word_1_603' title='bbox 839 2425 906 2459; x_wconf 78' lang='lat' dir='ltr'>quis]</span> <span class='ocrx_word' id='word_1_604' title='bbox 929 2428 974 2459; x_wconf 78' lang='lat' dir='ltr'>qui</span> <span class='ocrx_word' id='word_1_605' title='bbox 997 2427 1031 2451; x_wconf 55' lang='grc' dir='ltr'>[ΙΙ.</span> <span class='ocrx_word' id='word_1_606' title='bbox 1088 2425 1193 2457; x_wconf 69' lang='lat' dir='ltr'>offerre]</span> <span class='ocrx_word' id='word_1_607' title='bbox 1217 2427 1252 2451; x_wconf 71' lang='lat' dir='ltr'>ita</span> <span class='ocrx_word' id='word_1_608' title='bbox 1271 2427 1307 2453; x_wconf 49' lang='grc' dir='ltr'>ΙΙΙ,</span> <span class='ocrx_word' id='word_1_609' title='bbox 1329 2428 1419 2452; x_wconf 74' lang='lat' dir='ltr'>oti‘erri</span> <span class='ocrx_word' id='word_1_610' title='bbox 1439 2432 1492 2452; x_wconf 75' lang='lat' dir='ltr'>cett.</span> <span class='ocrx_word' id='word_1_611' title='bbox 1557 2430 1588 2452; x_wconf 74' lang='lat'>23</span> <span class='ocrx_word' id='word_1_612' title='bbox 1609 2425 1665 2459; x_wconf 88' lang='lat' dir='ltr'>qui]</span> <span class='ocrx_word' id='word_1_613' title='bbox 1686 2429 1744 2459; x_wconf 76' lang='lat' dir='ltr'>quis</span> <span class='ocrx_word' id='word_1_614' title='bbox 1766 2428 1795 2452; x_wconf 84' lang='lat' dir='ltr'>L.</span> 
     </span>
     <span class='ocr_line' id='line_1_52' title="bbox 148 2469 1795 2504; baseline -0.001 -7"><span class='ocrx_word' id='word_1_615' title='bbox 148 2475 180 2498; x_wconf 83' lang='lat'>25</span> <span class='ocrx_word' id='word_1_616' title='bbox 202 2473 390 2498; x_wconf 77' lang='lat' dir='ltr'>holocaustum</span> <span class='ocrx_word' id='word_1_617' title='bbox 410 2472 442 2497; x_wconf 86' lang='lat' dir='ltr'>L.</span> <span class='ocrx_word' id='word_1_618' title='bbox 456 2473 488 2497; x_wconf 86' lang='lat' dir='ltr'>B.</span> <span class='ocrx_word' id='word_1_619' title='bbox 502 2473 535 2497; x_wconf 54' lang='lat' dir='ltr'>ill</span> <span class='ocrx_word' id='word_1_620' title='bbox 543 2471 576 2502; x_wconf 80' lang='lat' dir='ltr'>(et</span> <span class='ocrx_word' id='word_1_621' title='bbox 589 2473 624 2497; x_wconf 78' lang='lat' dir='ltr'>ita</span> <span class='ocrx_word' id='word_1_622' title='bbox 638 2472 728 2504; x_wconf 42' lang='lat' dir='ltr'>insi-(12¹.</span> <span class='ocrx_word' id='word_1_623' title='bbox 784 2473 816 2496; x_wconf 68' lang='lat'>29</span> <span class='ocrx_word' id='word_1_624' title='bbox 838 2469 916 2502; x_wconf 77' lang='lat' dir='ltr'>lianc]</span> <span class='ocrx_word' id='word_1_625' title='bbox 932 2472 1002 2496; x_wconf 84' lang='lat' dir='ltr'>hune</span> <span class='ocrx_word' id='word_1_626' title='bbox 1018 2472 1052 2495; x_wconf 72' lang='lat' dir='ltr'>JI.</span> <span class='ocrx_word' id='word_1_627' title='bbox 1109 2473 1140 2496; x_wconf 82' lang='lat'>31</span> <span class='ocrx_word' id='word_1_628' title='bbox 1163 2472 1308 2503; x_wconf 84' lang='lat' dir='ltr'>aliquando</span> <span class='ocrx_word' id='word_1_629' title='bbox 1324 2471 1422 2496; x_wconf 83' lang='lat' dir='ltr'>leniter</span> <span class='ocrx_word' id='word_1_630' title='bbox 1440 2472 1529 2496; x_wconf 67' lang='lat' dir='ltr'>desunt</span> <span class='ocrx_word' id='word_1_631' title='bbox 1550 2472 1581 2496; x_wconf 66' lang='lat' dir='ltr'>ll.</span> <span class='ocrx_word' id='word_1_632' title='bbox 1631 2474 1664 2496; x_wconf 77' lang='lat'>32</span> <span class='ocrx_word' id='word_1_633' title='bbox 1685 2473 1795 2496; x_wconf 77' lang='lat' dir='ltr'>Ezechi-</span> 
     </span>
     <span class='ocr_line' id='line_1_53' title="bbox 148 2514 1796 2548; baseline 0 -7"><span class='ocrx_word' id='word_1_634' title='bbox 148 2517 234 2542; x_wconf 87' lang='lat' dir='ltr'>helem</span> <span class='ocrx_word' id='word_1_635' title='bbox 254 2517 285 2541; x_wconf 74' lang='lat' dir='ltr'>L,</span> <span class='ocrx_word' id='word_1_636' title='bbox 357 2519 389 2541; x_wconf 75' lang='lat'>33</span> <span class='ocrx_word' id='word_1_637' title='bbox 410 2521 482 2541; x_wconf 82' lang='lat' dir='ltr'>tuam</span> <span class='ocrx_word' id='word_1_638' title='bbox 502 2517 536 2541; x_wconf 85' lang='lat' dir='ltr'>ad</span> <span class='ocrx_word' id='word_1_639' title='bbox 549 2517 693 2541; x_wconf 47' lang='lat' dir='ltr'>*facicm</span> <span class='ocrx_word' id='word_1_640' title='bbox 712 2516 801 2540; x_wconf 78' lang='lat' dir='ltr'>desunt</span> <span class='ocrx_word' id='word_1_641' title='bbox 820 2516 852 2540; x_wconf 74' lang='grc' dir='ltr'>Β.</span> <span class='ocrx_word' id='word_1_642' title='bbox 923 2517 955 2540; x_wconf 79' lang='lat'>34</span> <span class='ocrx_word' id='word_1_643' title='bbox 976 2515 1155 2547; x_wconf 62' lang='lat' dir='ltr'>llyerusalem</span> <span class='ocrx_word' id='word_1_644' title='bbox 1176 2516 1207 2540; x_wconf 84' lang='grc' dir='ltr'>Β.</span> <span class='ocrx_word' id='word_1_645' title='bbox 1280 2517 1312 2540; x_wconf 80' lang='grc'>35</span> <span class='ocrx_word' id='word_1_646' title='bbox 1332 2514 1447 2548; x_wconf 77' lang='lat' dir='ltr'>actibus]</span> <span class='ocrx_word' id='word_1_647' title='bbox 1469 2517 1592 2541; x_wconf 56' lang='lat' dir='ltr'>hat-tibus</span> <span class='ocrx_word' id='word_1_648' title='bbox 1617 2517 1644 2541; x_wconf 65' lang='lat' dir='ltr'>ll.</span> <span class='ocrx_word' id='word_1_649' title='bbox 1711 2519 1741 2541; x_wconf 74' lang='lat'>:37</span> <span class='ocrx_word' id='word_1_650' title='bbox 1763 2518 1796 2541; x_wconf 75' lang='lat' dir='ltr'>ud</span> 
     </span>
     <span class='ocr_line' id='line_1_54' title="bbox 149 2558 772 2593; baseline -0.003 -7"><span class='ocrx_word' id='word_1_651' title='bbox 149 2560 219 2593; x_wconf 75' lang='lat' dir='ltr'>illas]</span> <span class='ocrx_word' id='word_1_652' title='bbox 240 2563 273 2586; x_wconf 79' lang='lat' dir='ltr'>ab</span> <span class='ocrx_word' id='word_1_653' title='bbox 294 2561 353 2586; x_wconf 83' lang='lat' dir='ltr'>illas</span> <span class='ocrx_word' id='word_1_654' title='bbox 375 2561 404 2586; x_wconf 84' lang='lat' dir='ltr'>L.</span> <span class='ocrx_word' id='word_1_655' title='bbox 478 2566 557 2592; x_wconf 81' lang='lat' dir='ltr'>atque</span> <span class='ocrx_word' id='word_1_656' title='bbox 578 2558 620 2592; x_wconf 84' lang='lat' dir='ltr'>ad]</span> <span class='ocrx_word' id='word_1_657' title='bbox 641 2565 719 2593; x_wconf 85' lang='lat' dir='ltr'>atque</span> <span class='ocrx_word' id='word_1_658' title='bbox 740 2561 772 2584; x_wconf 82' lang='lat' dir='ltr'>B.</span> 
     </span>
    </p>
   </div>
   <div class='ocr_carea' id='block_1_13' title="bbox 148 2666 1796 2812">
    <p class='ocr_par' dir='ltr' id='par_1_13' title="bbox 148 2666 1796 2812">
     <span class='ocr_line' id='line_1_55' title="bbox 260 2666 1796 2706; baseline 0.001 -9"><span class='ocrx_word' id='word_1_659' title='bbox 260 2670 287 2702; x_wconf 86' lang='grc'>1)</span> <span class='ocrx_word' id='word_1_660' title='bbox 316 2670 363 2697; x_wconf 72' lang='lat' dir='ltr'>Ea:</span> <span class='ocrx_word' id='word_1_661' title='bbox 389 2669 528 2706; x_wconf 43' lang='lat' dir='ltr'>(irrisorio</span> <span class='ocrx_word' id='word_1_662' title='bbox 555 2669 606 2702; x_wconf 54' lang='lat' dir='ltr'>ill„</span> <span class='ocrx_word' id='word_1_663' title='bbox 639 2669 741 2697; x_wconf 73' lang='lat' dir='ltr'>Homil.</span> <span class='ocrx_word' id='word_1_664' title='bbox 768 2669 794 2696; x_wconf 78' lang='grc' dir='ltr'>ἰιι</span> <span class='ocrx_word' id='word_1_665' title='bbox 824 2669 994 2697; x_wconf 56' lang='lat' dir='ltr'>lker-Itidem</span> <span class='ocrx_word' id='word_1_666' title='bbox 1018 2669 1041 2703; x_wconf 88' lang='lat' dir='ltr'>I,</span> <span class='ocrx_word' id='word_1_667' title='bbox 1067 2670 1105 2698; x_wconf 66' lang='lat'>12</span> <span class='ocrx_word' id='word_1_668' title='bbox 1128 2666 1151 2705; x_wconf 53' lang='grc' dir='ltr'>ξ’</span> <span class='ocrx_word' id='word_1_669' title='bbox 1167 2672 1222 2699; x_wconf 72' lang='lat'>30,-</span> <span class='ocrx_word' id='word_1_670' title='bbox 1254 2668 1326 2706; x_wconf 74' lang='lat' dir='ltr'>Opp.</span> <span class='ocrx_word' id='word_1_671' title='bbox 1353 2669 1375 2703; x_wconf 81' lang='lat' dir='ltr'>I,</span> <span class='ocrx_word' id='word_1_672' title='bbox 1402 2671 1488 2698; x_wconf 57' lang='lat'>1:304.</span> <span class='ocrx_word' id='word_1_673' title='bbox 1582 2670 1611 2697; x_wconf 62' lang='lat'>2)</span> <span class='ocrx_word' id='word_1_674' title='bbox 1640 2670 1681 2696; x_wconf 74' lang='lat' dir='ltr'>lb.</span> <span class='ocrx_word' id='word_1_675' title='bbox 1712 2670 1731 2698; x_wconf 89' lang='grc' dir='ltr'>Ι,</span> <span class='ocrx_word' id='word_1_676' title='bbox 1762 2671 1796 2698; x_wconf 73' lang='grc' dir='ltr'>Γ.)</span> 
     </span>
     <span class='ocr_line' id='line_1_56' title="bbox 148 2719 1793 2761; baseline -0.001 -10"><span class='ocrx_word' id='word_1_677' title='bbox 148 2719 243 2761; x_wconf 76' lang='lat'><em>§29;</em></span> <span class='ocrx_word' id='word_1_678' title='bbox 267 2723 284 2750; x_wconf 86' lang='lat' dir='ltr'>l.</span> <span class='ocrx_word' id='word_1_679' title='bbox 303 2724 320 2750; x_wconf 89' lang='lat' dir='ltr'>l.</span> <span class='ocrx_word' id='word_1_680' title='bbox 346 2722 370 2756; x_wconf 86' lang='lat' dir='ltr'>I,</span> <span class='ocrx_word' id='word_1_681' title='bbox 395 2723 481 2752; x_wconf 61' lang='lat'><em>1304.</em></span> <span class='ocrx_word' id='word_1_682' title='bbox 553 2723 581 2754; x_wconf 75' lang='lat'>3)</span> <span class='ocrx_word' id='word_1_683' title='bbox 608 2722 651 2749; x_wconf 59' lang='grc' dir='ltr'><em>ΙΙΙ.</em></span> <span class='ocrx_word' id='word_1_684' title='bbox 677 2722 700 2755; x_wconf 92' lang='grc' dir='ltr'>Ι,</span> <span class='ocrx_word' id='word_1_685' title='bbox 727 2723 764 2751; x_wconf 62' lang='lat'>12</span> <span class='ocrx_word' id='word_1_686' title='bbox 788 2722 810 2759; x_wconf 54' lang='grc' dir='ltr'>ς’</span> <span class='ocrx_word' id='word_1_687' title='bbox 826 2725 879 2755; x_wconf 50' lang='lat' dir='ltr'>fich·</span> <span class='ocrx_word' id='word_1_688' title='bbox 904 2723 921 2749; x_wconf 87' lang='lat' dir='ltr'>l.</span> <span class='ocrx_word' id='word_1_689' title='bbox 939 2723 956 2749; x_wconf 85' lang='lat' dir='ltr'>l.</span> <span class='ocrx_word' id='word_1_690' title='bbox 984 2722 1005 2756; x_wconf 87' lang='lat' dir='ltr'>I,</span> <span class='ocrx_word' id='word_1_691' title='bbox 1033 2723 1117 2751; x_wconf 60' lang='lat'><em>1304.</em></span> <span class='ocrx_word' id='word_1_692' title='bbox 1189 2722 1218 2748; x_wconf 68' lang='lat'>4·</span> <span class='ocrx_word' id='word_1_693' title='bbox 1245 2722 1288 2750; x_wconf 69' lang='lat' dir='ltr'>lb.</span> <span class='ocrx_word' id='word_1_694' title='bbox 1315 2722 1337 2756; x_wconf 77' lang='lat' dir='ltr'>I,</span> <span class='ocrx_word' id='word_1_695' title='bbox 1365 2724 1402 2751; x_wconf 71' lang='grc'>12</span> <span class='ocrx_word' id='word_1_696' title='bbox 1425 2723 1448 2756; x_wconf 46' lang='grc' dir='ltr'>ᾧ</span> <span class='ocrx_word' id='word_1_697' title='bbox 1465 2725 1519 2751; x_wconf 72' lang='grc' dir='ltr'>.“;ἰ();</span> <span class='ocrx_word' id='word_1_698' title='bbox 1544 2724 1561 2750; x_wconf 85' lang='lat' dir='ltr'>l.</span> <span class='ocrx_word' id='word_1_699' title='bbox 1580 2724 1596 2749; x_wconf 89' lang='lat' dir='ltr'>l.</span> <span class='ocrx_word' id='word_1_700' title='bbox 1617 2723 1638 2750; x_wconf 93' lang='lat' dir='ltr'>l.</span> <span class='ocrx_word' id='word_1_701' title='bbox 1662 2724 1732 2750; x_wconf 65' lang='lat' dir='ltr'>ltin(</span> <span class='ocrx_word' id='word_1_702' title='bbox 1750 2734 1793 2759; x_wconf 67' lang='lat' dir='ltr'>sq.</span> 
     </span>
     <span class='ocr_line' id='line_1_57' title="bbox 150 2775 1213 2812; baseline -0.001 -9"><span class='ocrx_word' id='word_1_703' title='bbox 150 2776 182 2809; x_wconf 81' lang='lat'>5)</span> <span class='ocrx_word' id='word_1_704' title='bbox 209 2776 272 2809; x_wconf 78' lang='lat' dir='ltr'><em>Ib.;</em></span> <span class='ocrx_word' id='word_1_705' title='bbox 296 2777 313 2803; x_wconf 89' lang='lat' dir='ltr'>l.</span> <span class='ocrx_word' id='word_1_706' title='bbox 332 2777 349 2803; x_wconf 85' lang='grc' dir='ltr'>Ι.</span> <span class='ocrx_word' id='word_1_707' title='bbox 376 2775 398 2809; x_wconf 90' lang='grc' dir='ltr'>Ι,</span> <span class='ocrx_word' id='word_1_708' title='bbox 425 2777 501 2804; x_wconf 81' lang='lat'><strong><em>1305</em></strong></span> <span class='ocrx_word' id='word_1_709' title='bbox 514 2785 554 2812; x_wconf 80' lang='lat' dir='ltr'>sq.</span> <span class='ocrx_word' id='word_1_710' title='bbox 648 2775 677 2807; x_wconf 86' lang='grc'>6)</span> <span class='ocrx_word' id='word_1_711' title='bbox 704 2775 747 2802; x_wconf 81' lang='lat' dir='ltr'>lb.</span> <span class='ocrx_word' id='word_1_712' title='bbox 774 2775 796 2808; x_wconf 87' lang='grc' dir='ltr'>Ι,</span> <span class='ocrx_word' id='word_1_713' title='bbox 823 2776 860 2804; x_wconf 73' lang='grc'>12</span> <span class='ocrx_word' id='word_1_714' title='bbox 884 2775 974 2811; x_wconf 59' lang='lat' dir='ltr'><strong><em>§.3L-</em></strong></span> <span class='ocrx_word' id='word_1_715' title='bbox 1000 2776 1017 2803; x_wconf 81' lang='lat' dir='ltr'>l.</span> <span class='ocrx_word' id='word_1_716' title='bbox 1035 2776 1052 2802; x_wconf 87' lang='lat' dir='ltr'>l.</span> <span class='ocrx_word' id='word_1_717' title='bbox 1078 2775 1101 2804; x_wconf 85' lang='lat' dir='ltr'>I.</span> <span class='ocrx_word' id='word_1_718' title='bbox 1127 2776 1213 2804; x_wconf 71' lang='lat'><em>1306.</em></span> 
     </span>
    </p>
   </div>
   <div class='ocr_carea' id='block_1_14' title="bbox 1533 2832 1582 2859">
    <p class='ocr_par' dir='ltr' id='par_1_14' title="bbox 1533 2832 1582 2859">
     <span class='ocr_line' id='line_1_58' title="bbox 1533 2832 1582 2859; baseline 0 0"><span class='ocrx_word' id='word_1_719' title='bbox 1533 2832 1582 2859; x_wconf 69' lang='lat'>45*</span> 
     </span>
    </p>
   </div>
   <div class='ocr_carea' id='block_1_15' title="bbox 1814 260 1931 283">
    <p class='ocr_par' dir='ltr' id='par_1_15' title="bbox 1814 260 1931 283">
     <span class='ocr_line' id='line_1_59' title="bbox 1814 260 1931 283; baseline 0 -4"><span class='ocrx_word' id='word_1_720' title='bbox 1814 260 1890 283; x_wconf 55' lang='lat' dir='ltr'>Psssss,</span> <span class='ocrx_word' id='word_1_721' title='bbox 1901 261 1931 279; x_wconf 91' lang='lat'>10.</span> 
     </span>
    </p>
   </div>
   <div class='ocr_carea' id='block_1_16' title="bbox 1814 313 1970 337">
    <p class='ocr_par' dir='ltr' id='par_1_16' title="bbox 1814 313 1970 337">
     <span class='ocr_line' id='line_1_60' title="bbox 1814 313 1970 337; baseline -0.006 -5"><span class='ocrx_word' id='word_1_722' title='bbox 1814 313 1970 337; x_wconf 72' lang='lat' dir='ltr'>‘l.(&#39;0r.11,:]9v</span> 
     </span>
    </p>
   </div>
   <div class='ocr_carea' id='block_1_17' title="bbox 1814 516 1932 537">
    <p class='ocr_par' dir='ltr' id='par_1_17' title="bbox 1814 516 1932 537">
     <span class='ocr_line' id='line_1_61' title="bbox 1814 516 1932 537; baseline 0.008 -2"><span class='ocrx_word' id='word_1_723' title='bbox 1814 517 1841 537; x_wconf 75' lang='lat' dir='ltr'>cf.</span> <span class='ocrx_word' id='word_1_724' title='bbox 1852 516 1932 536; x_wconf 84' lang='lat' dir='ltr'>Ezech.</span> 
     </span>
    </p>
   </div>
   <div class='ocr_carea' id='block_1_18' title="bbox 1849 544 1896 566">
    <p class='ocr_par' dir='ltr' id='par_1_18' title="bbox 1849 544 1896 566">
     <span class='ocr_line' id='line_1_62' title="bbox 1849 544 1896 566; baseline 0.021 -4"><span class='ocrx_word' id='word_1_725' title='bbox 1849 544 1868 566; x_wconf 69' lang='lat'>4,</span> <span class='ocrx_word' id='word_1_726' title='bbox 1878 544 1896 563; x_wconf 83' lang='lat'>3.</span> 
     </span>
    </p>
   </div>
   <div class='ocr_carea' id='block_1_19' title="bbox 1812 899 1971 923">
    <p class='ocr_par' dir='ltr' id='par_1_19' title="bbox 1812 899 1971 923">
     <span class='ocr_line' id='line_1_63' title="bbox 1812 899 1971 923; baseline 0 -5"><span class='ocrx_word' id='word_1_727' title='bbox 1812 900 1865 918; x_wconf 66' lang='lat' dir='ltr'>Lev.</span> <span class='ocrx_word' id='word_1_728' title='bbox 1874 899 1894 923; x_wconf 79' lang='lat'>6,</span> <span class='ocrx_word' id='word_1_729' title='bbox 1902 899 1933 919; x_wconf 73' lang='grc'>21.</span> <span class='ocrx_word' id='word_1_730' title='bbox 1940 900 1971 918; x_wconf 62' lang='lat'>22.</span> 
     </span>
    </p>
   </div>
   <div class='ocr_carea' id='block_1_20' title="bbox 1815 1913 1952 1937">
    <p class='ocr_par' dir='ltr' id='par_1_20' title="bbox 1815 1913 1952 1937">
     <span class='ocr_line' id='line_1_64' title="bbox 1815 1913 1952 1937; baseline 0.007 -5"><span class='ocrx_word' id='word_1_731' title='bbox 1815 1913 1895 1933; x_wconf 80' lang='lat' dir='ltr'>Ezech.</span> <span class='ocrx_word' id='word_1_732' title='bbox 1904 1914 1924 1937; x_wconf 77' lang='lat'>4,</span> <span class='ocrx_word' id='word_1_733' title='bbox 1933 1914 1952 1933; x_wconf 84' lang='lat'>3.</span> 
     </span>
    </p>
   </div>
   <div class='ocr_carea' id='block_1_21' title="bbox 1816 2073 1952 2096">
    <p class='ocr_par' dir='ltr' id='par_1_21' title="bbox 1816 2073 1952 2096">
     <span class='ocr_line' id='line_1_65' title="bbox 1816 2073 1952 2096; baseline 0 -4"><span class='ocrx_word' id='word_1_734' title='bbox 1816 2073 1883 2092; x_wconf 35' lang='lat' dir='ltr'>Eeclii</span> <span class='ocrx_word' id='word_1_735' title='bbox 1894 2073 1952 2096; x_wconf 48' lang='lat'>225,</span> 
     </span>
    </p>
   </div>
  </div>
 </body>
</html>
