2242 3085
292 140 341 167 24.
379 139 565 168 CONCILIA
588 141 835 174 RISPACENSE,
860 140 1125 174 FRISINGENSE,
1151 141 1466 170 SALISBURGENSE
1491 143 1526 170 A.
1549 142 1621 170 800.
1714 139 1777 170 207

240 233 291 264 ΙΠ
315 233 398 276 (35).
434 233 486 264 De
511 234 750 265 examinatione
774 234 993 265 ministrorum
1018 233 1324 265 aeclesiasticorum.

239 286 308 317 ΗΠ
332 286 413 329 (36).
450 286 501 318 De
526 287 714 318 assiduitate
740 286 944 317 sacerdotum
968 287 1002 317 in
1025 287 1195 317 missarum
1222 287 1448 319 celebratione.

240 339 270 370 V
295 340 377 382 (37).
413 340 465 370 De
491 340 649 371 divisione
673 351 780 371 rerum
805 339 1099 371 aeclesiasticarum
1122 351 1141 370 a
1156 339 1335 371 rectoribus
1353 352 1463 371 earum
1480 342 1563 372 inter
1579 342 1778 384 propinquos

134 393 289 424 canonice
314 392 528 424 observanda.

101 458 114 478 5
239 445 287 476 VI
312 446 393 488 (38).
430 446 481 477 De
507 446 720 477 sollicitudine
745 445 1089 488 archipresbiterorum
1114 457 1192 487 erga
1216 445 1278 477 sibi
1303 446 1465 477 subiectos
1489 447 1695 489 presbiteros.

239 499 304 530 VII
329 499 411 541 (39).
447 499 499 530 De
524 499 707 539 sobrietate,
734 500 881 530 castitate
906 505 1002 541 atque
1027 499 1184 541 pudicitia
1208 511 1227 530 a
1252 499 1441 530 diaconibus
1468 501 1688 532 custodienda.

239 552 321 583 VIII
346 552 427 595 (40).
463 552 515 583 De
539 552 706 583 monachis
730 552 909 594 peculiaria
932 564 996 583 non
1020 552 1216 594 usurpanda.

238 605 337 636 VIIII
362 605 444 647 (41).
479 605 531 636 De
556 605 822 636 sollemnitatibus
847 611 978 636 sanctae
995 605 1059 636 Dei
1080 606 1252 647 genetricis
1271 611 1385 647 quater
1403 606 1436 636 in
1457 617 1540 637 anno
1563 607 1777 639 celebrandis.

238 658 271 689 X
295 658 378 701 (42).
413 658 465 689 De
491 657 678 689 celebritate
704 664 801 700 caput
824 659 946 689 ieiunii.

88 724 112 743 10
238 712 287 742 XI
311 711 393 754 (43).
428 711 480 742 De
506 711 705 742 orationibus
728 723 821 742 usum
845 712 1063 743 Romanorum
1086 711 1261 743 tenendum
1286 712 1319 742 in
1344 723 1446 743 caena
1469 712 1612 744 Domini.

237 765 305 796 XII
329 765 411 807 (44).
447 764 499 795 De
522 763 686 795 nobilibus
710 776 775 795 non
798 764 1006 796 tondentibus
1031 764 1153 807 absque
1179 765 1419 796 examinatione
1445 766 1599 808 episcopi.

237 818 322 849 XIII
347 818 428 860 (45).
464 817 517 848 De
547 817 700 848 fratribus
725 818 758 848 in
782 818 977 849 monasterio
1002 829 1104 860 aeque
1130 818 1313 849 amantibus
1339 824 1370 849 et
1395 818 1434 849 de
1460 819 1632 861 disciplina
1656 830 1776 851 eorum.

237 871 339 903 XHH
363 871 445 914 (46).
480 871 532 902 De
563 871 772 903 altercatione
804 876 836 902 et
866 871 1071 902 contentione
1101 872 1185 902 inter
1215 872 1320 902 virum
1352 877 1384 902 et
1413 872 1566 903 feminam
1591 872 1630 903 de
1656 873 1777 904 carnali

131 925 370 956 commixtione.

87 990 110 1009 15
235 978 301 1010 XV
325 978 407 1020 (47).
443 978 496 1009 De
527 978 642 1009 litteris
674 977 851 1020 dirigendis
883 989 941 1019 per
972 978 1178 1019 episcopatus
1210 984 1241 1008 et
1272 979 1469 1009 monasteria
1499 990 1557 1020 pro
1590 979 1679 1011 obitu
1711 981 1776 1022 epi—

130 1042 310 1074 scoporum,
335 1031 499 1071 abbatum,
524 1031 755 1063 monachorum
780 1036 811 1062 et
835 1031 1136 1062 sanctimonialium.

262 1138 486 1169 Decretum
511 1137 701 1169 sinodale
727 1138 1019 1180 episcoporum
1045 1150 1092 1169 ex
1117 1139 1306 1169 iussione
1332 1138 1467 1169 domni
1491 1139 1644 1170 Karoli.

234 1200 259 1231 I.
295 1200 439 1242 Ideoque
475 1200 626 1231 convenit
661 1200 880 1242 supradictam
917 1201 1201 1241 congregationem
1238 1206 1382 1232 sanctam
1419 1201 1540 1232 domini
1574 1201 1639 1232 Dei
1675 1203 1775 1233 omni-

127 1254 267 1296 potentis
292 1254 412 1285 auxilio
438 1259 578 1285 statuere
602 1254 635 1284 in
659 1254 800 1284 invicem
825 1253 1041 1284 indissolubili
1061 1253 1190 1284 vinculo
1217 1254 1369 1294 caritatis,
1394 1260 1430 1285 ut
1452 1255 1621 1285 unanimes
1638 1267 1701 1286 uno
1720 1266 1775 1286 ore

83 1321 108 1340 20
127 1306 340 1338 honorificare
357 1307 465 1338 Deum
484 1312 609 1349 patrem
634 1307 666 1337 in
691 1307 767 1338 celis
793 1312 824 1337 et
848 1307 1055 1338 concordiam
1080 1308 1169 1348 pacis
1194 1308 1278 1337 inter
1302 1319 1336 1338 se
1360 1313 1516 1349 perpetuo
1542 1308 1610 1339 iure
1634 1308 1773 1348 firmare,

128 1360 214 1402 quod
238 1361 388 1391 universo
413 1360 531 1402 populo
557 1359 741 1391 Christiano
772 1360 992 1391 indesinenter
1024 1371 1216 1391 conservare
1249 1365 1384 1402 oportet,
1416 1361 1557 1392 maxime
1581 1366 1690 1392 tamen
1714 1362 1773 1401 his,

127 1414 183 1456 qui
219 1413 413 1445 eclesiastici
441 1413 562 1444 ordinis
594 1413 701 1444 officio
732 1414 967 1455 mancipantur,
1005 1414 1060 1455 qui
1096 1425 1153 1455 pro
1190 1424 1223 1443 se
1256 1419 1287 1444 et
1316 1425 1374 1455 pro
1406 1414 1501 1445 totius
1533 1414 1774 1457 christianitatis

127 1466 228 1498 salute
253 1466 465 1498 inmaculatas
490 1467 611 1497 hostias
637 1466 765 1498 domino
792 1466 919 1497 Christo
945 1466 1065 1497 debent
1089 1467 1214 1497 offerre.

232 1529 275 1560 Π.
311 1528 541 1560 Admonebant
561 1529 646 1559 enim
671 1529 703 1559 in
728 1529 797 1571 ipso
816 1529 964 1569 concilio,
990 1534 1024 1559 ut
1048 1528 1153 1559 nullus
1171 1540 1292 1569 eorum,
1311 1529 1378 1560 sive
1397 1530 1568 1571 episcopus
1586 1530 1653 1560 sive
1672 1529 1773 1561 abbas

81 1596 106 1614 25
125 1582 177 1614 vel
201 1582 361 1625 presbiter
385 1587 440 1613 aut
463 1582 638 1613 monachus
662 1582 715 1613 vel
739 1583 836 1613 etiam
861 1582 960 1613 ceteri
984 1583 1122 1613 ministri
1147 1588 1277 1613 sanctae
1303 1582 1368 1613 Dei
1392 1582 1529 1613 eclesiae
1561 1594 1618 1613 seu
1643 1588 1772 1614 sanctae

125 1635 291 1675 moniales,
321 1647 340 1666 a
368 1641 456 1667 recto
480 1636 608 1666 tramite
634 1635 765 1666 deviare
797 1641 1061 1677 praesummeret,
1087 1641 1118 1666 et
1142 1635 1205 1675 hic,
1238 1636 1292 1678 qui
1323 1636 1356 1666 in
1381 1637 1539 1667 canonica
1562 1637 1629 1667 vita
1653 1636 1772 1678 degere

125 1688 299 1729 debuisset,
331 1694 417 1720 recte
450 1694 480 1720 et
511 1689 688 1720 secundum
720 1689 866 1719 ordinem
894 1688 1016 1730 absque
1041 1688 1106 1719 ulla
1129 1689 1385 1730 transgressione
1416 1690 1517 1720 vitam
1548 1696 1773 1721 conservasset

125 1743 325 1782 canonicam,
351 1747 406 1773 aut
428 1742 471 1782 hi,
498 1743 552 1784 qui
577 1741 636 1773 sub
661 1747 735 1773 voto
760 1742 982 1775 monachicam
1007 1743 1107 1773 vitam
1133 1742 1306 1773 observare
1331 1743 1506 1773 vovissent.

230 1804 290 1836 ΙΠ.
328 1804 525 1844 Statuerunt,
557 1810 592 1835 ut
619 1804 723 1835 nullus
752 1805 835 1835 inter
858 1804 1097 1835 aeclesiasticos
1123 1805 1251 1836 ordines
1276 1816 1333 1846 pro
1359 1804 1503 1847 qualibet
1527 1816 1624 1836 causa
1648 1804 1770 1847 absque

79 1871 104 1890 30
123 1857 237 1889 iuditio
262 1858 407 1900 episcopi
432 1858 482 1888 sui
502 1857 555 1888 vel
580 1858 677 1888 etiam
700 1857 939 1900 metropolitani
956 1870 1115 1889 consensu
1140 1858 1181 1889 ad
1198 1858 1312 1889 iuditia
1329 1858 1487 1889 secularia
1504 1859 1634 1889 minime
1653 1858 1771 1890 audeat

125 1911 292 1943 accedere.
330 1911 395 1943 Sed
419 1912 445 1942 si
471 1911 614 1953 qualibet
639 1922 737 1942 causa
761 1912 845 1942 intra
869 1916 997 1942 sanctas
1022 1911 1156 1942 eclesias
1182 1912 1369 1953 contigisset
1385 1911 1567 1953 adquirere,
1594 1923 1666 1943 cum
1684 1913 1770 1943 omni

125 1965 259 1996 caritate
291 1971 322 1996 et
353 1964 526 1996 concordia
557 1965 589 1995 in
620 1965 759 1996 invicem
792 1970 983 1995 conservata
1014 1965 1204 2007 requiratur.
1254 1965 1288 1996 Si
1320 1966 1491 2007 episcopus
1516 1965 1568 1996 vel
1592 1965 1693 1996 abbas
1718 1966 1769 1997 vel

126 2019 223 2049 etiam
245 2018 405 2060 presbiter
435 2019 518 2048 inter
549 2029 582 2049 se
614 2018 755 2060 aliquam
780 2017 967 2049 habuissent
992 2018 1146 2049 secularis
1172 2019 1217 2049 rei
1243 2019 1494 2058 altercationem,
1527 2030 1598 2049 cum
1624 2019 1768 2050 modera-

124 2072 210 2102 mine
235 2072 378 2102 caritatis
404 2077 435 2102 et
458 2071 620 2102 insolubili
645 2071 774 2102 vinculo
799 2073 889 2113 pacis
914 2082 987 2102 cum
1012 2072 1144 2103 consilio
1170 2073 1315 2114 episcopi
1339 2073 1388 2103 sui
1412 2073 1443 2103 in
1468 2073 1608 2103 invicem
1634 2072 1695 2102 sibi
1720 2084 1767 2113 ea,

81 2138 105 2157 35
125 2137 208 2168 quae
233 2126 266 2156 in
291 2136 388 2156 causa
412 2130 529 2163 essent,
555 2124 677 2166 absque
702 2125 820 2155 iniuria
836 2125 887 2155 vel
912 2125 1072 2156 damnatis
1090 2126 1276 2156 iuramentis
1294 2125 1431 2156 fideliter
1448 2131 1479 2156 et
1496 2125 1622 2165 devote,
1647 2126 1769 2157 iustitia

124 2180 209 2210 inter
238 2190 292 2209 eos
322 2183 465 2220 peracta,
502 2189 574 2208 cum
605 2178 718 2209 timore
749 2178 881 2209 Domini
913 2184 1020 2209 essent
1052 2179 1300 2209 consentientes.
1356 2178 1389 2209 Si
1422 2190 1497 2209 vero
1530 2190 1602 2209 cum
1634 2178 1767 2210 consilio

125 2233 269 2274 episcopi
293 2232 413 2262 iustitia
436 2232 520 2262 inter
538 2242 591 2262 eos
608 2231 739 2261 minime
756 2232 913 2273 potuisset
936 2232 1059 2273 peragi,
1091 2237 1167 2262 tunc
1199 2231 1240 2262 ad
1269 2231 1550 2274 metropolitanum
1579 2232 1766 2274 episcopum

125 2296 223 2316 eausa
256 2285 429 2324 deferatur,
463 2290 497 2316 ut
531 2296 603 2315 cum
637 2285 736 2326 ipsius
771 2284 903 2315 consilio
937 2284 989 2315 vel
1022 2284 1185 2315 voluntate
1219 2296 1345 2315 necnon
1377 2291 1408 2316 et
1438 2285 1527 2315 iussu
1559 2285 1666 2315 omnia
1695 2296 1766 2327 per-

124 2338 296 2370 ficerentur
308 2340 326 2368 ¹.

79 2412 105 2431 40
230 2400 306 2431 IIII.
345 2400 532 2431 Statuerunt
557 2400 663 2439 etiam,
688 2405 722 2430 ut
747 2411 819 2430 cum
844 2400 977 2431 consilio
1002 2400 1054 2431 vel
1078 2400 1243 2431 voluntate
1275 2401 1416 2431 omnium
1448 2412 1505 2442 pro
1531 2400 1674 2431 remedio
1699 2401 1764 2431 ani-

123 2465 247 2485 marum
272 2453 462 2484 elemosinas
488 2464 557 2484 esse
583 2453 748 2484 faciendas
774 2458 886 2495 quater
910 2454 943 2483 in
968 2464 1061 2493 anno,
1091 2453 1124 2484 id
1153 2458 1202 2484 est
1226 2453 1361 2484 sabbato
1386 2460 1458 2484 ante
1483 2453 1612 2484 Palmas
1639 2459 1670 2485 et
1694 2453 1764 2484 sab-

230 2573 250 2595 1.
282 2572 312 2596 17
333 2571 452 2595 'situlum
472 2571 495 2594 V
513 2571 651 2602 praemittit
669 2571 720 2595 alla
741 2580 806 2594 ιιιαιι.
828 2572 965 2595 (1222
985 2571 1102 2595 officium
1125 2571 1155 2595 G.

230 2616 266 2640 II.
296 2617 329 2640 26
349 2613 402 2646 hic]
422 2616 462 2639 his
484 2615 514 2639 G.

230 2660 283 2685 111.
312 2662 344 2685 38
366 2657 405 2691 ut]
425 2663 452 2684 et
473 2660 503 2683 G.

77 2770 103 2788 45
232 2756 259 2797 l)
286 2758 333 2794 Cf.
361 2759 464 2786 Karou
486 2758 636 2786 admonitio
653 2758 794 2796 generalis
810 2760 868 2787 789
893 2769 914 2785 υ.
934 2760 983 2792 23,
1012 2758 1083 2786 MG.
1104 2757 1195 2795 Capit.
1214 2758 1237 2792 I,
1255 2760 1303 2787 56.
1342 2758 1491 2785 c'onciliam
1519 2758 1763 2792 Francofmtunse

123 2813 180 2842 794
204 2822 227 2840 c.
245 2814 272 2846 6,
297 2822 385 2849 supra
406 2822 437 2848 p.
456 2813 514 2839 166
529 2822 570 2847 sq.
