2242 3085
597 121 647 148 38.
685 120 902 148 CONCILIUM
927 121 1162 148 'FURONENSE
1186 124 1222 148 A.
1245 122 1317 149 813.
1716 122 1778 151 *287

129 215 322 256 promissam
357 213 494 254 habent,
535 214 764 245 inviolabiliter
800 225 993 245 conservare
1030 214 1190 245 studeant.
1251 216 1422 247 Orationes
1463 229 1591 259 1111011110
1632 218 1779 249 assiduas

129 268 251 298 intente
276 267 412 298 fundere
436 279 495 309 pro
520 268 588 299 eius
614 267 786 298 stabilitate
813 278 851 298 ac
875 267 1093 298 incolomitate
1126 278 1235 298 omnes
1268 280 1301 299 se
1327 269 1409 299 velle
1435 270 1611 301 secundum
1636 277 1778 302 nostram

129 320 382 351 admonitionem
419 321 614 351 unanimiter
649 320 784 362 professi
821 326 904 355 sunt,
940 326 974 350 ut
1006 320 1228 351 misericordia
1259 321 1369 352 divina
1406 322 1540 363 longiori
1577 335 1658 354 aevo
1694 324 1779 355 illius

129 373 410 404 mansuetudinem
436 385 629 405 conservare
655 373 815 414 dignetur.

97 447 110 466 ⁵
235 435 278 466 ΙΙ.
315 435 359 466 Ut
384 447 494 466 omnes
519 436 664 477 episcopi
684 435 827 466 studiose
848 446 979 477 operam
998 435 1128 466 divinae
1150 436 1226 467 dent
1243 436 1383 469 lectioni.
1410 444 1555 469 sanctum
1574 440 1779 480 evangelium

129 494 161 519 et
185 488 337 530 epistolas
362 488 449 519 beati
465 488 559 519 Pauli
581 488 715 530 apostoli
740 500 805 519 non
830 488 931 520 solum
957 488 1070 519 crebro
1095 488 1249 529 lectitent,
1276 489 1331 520 sed
1357 491 1452 520 etiam
1478 498 1631 532 quantum
1657 494 1780 534 possint

127 543 304 572 memoriae
329 542 480 573 studeant
505 541 731 573 commendare
757 547 1007 583 sanctorumque
1032 548 1160 584 patrum
1185 543 1340 584 opuscula
1365 555 1461 585 super
1486 544 1599 575 eadem
1632 547 1779 587 exposita

129 594 245 626 devote
270 595 486 637 frequentent.
534 594 690 626 Similiter
714 600 746 625 et
770 595 810 626 de
836 596 973 626 caeteris
998 595 1088 626 libris
1114 597 1279 627 canonicis
1304 596 1435 628 faciant.

235 656 294 687 III.
331 656 418 687 Nulli
443 657 595 698 episcopo
620 655 716 687 liceat
741 668 881 687 canones
906 663 961 688 aut
985 657 1101 688 librum
1126 658 1320 699 pastoralem
1346 670 1364 689 a
1389 658 1483 689 beato
1510 661 1668 701 Gregorio
1694 673 1779 702 papa

83 723 109 741 ιο
128 709 259 748 editum,
292 710 318 740 si
348 710 418 740 fieri
449 715 563 751 potest,
595 710 756 750 ignorare,
793 710 825 740 in
858 710 975 752 quibus
1007 722 1040 741 se
1072 710 1170 742 debet
1200 712 1423 753 unusquisque
1456 713 1547 754 quasi
1580 714 1611 743 in
1638 714 1777 755 quodam

127 763 258 805 speculo
283 761 435 793 assiduae
460 762 666 793 considerare
679 765 698 793 ¹.

234 825 311 855 IIII.
349 824 492 856 Sollicite
518 824 647 855 studeat
670 826 893 867 unusquisque
925 837 1057 867 gregem
1090 826 1151 857 sibi
1176 828 1382 858 commissum
1408 838 1501 858 sacra
1525 828 1777 869 praedicatione.

127 878 205 920 quid
229 890 326 920 agere
351 878 470 920 quidve
495 878 598 909 vitare
625 877 752 915 debeat,
778 878 962 910 informare.
1010 879 1053 910 Et
1077 880 1146 921 ipse
1172 881 1344 922 episcopus
1369 881 1445 920 vita,
1472 881 1593 914 habitu,
1620 882 1723 913 forma
1748 890 1778 913 et

127 932 374 962 conversatione
406 937 519 962 sancta
551 932 617 962 suis
649 931 803 963 subiectis
835 932 1019 974 exemplum
1052 933 1218 974 praebeat,
1250 939 1284 964 ut
1315 934 1405 964 iuxta
1438 934 1634 966 dominicam
1664 947 1778 967 vocem

81 996 106 1016 1⁵
125 985 258 1015 videant
282 996 382 1026 opera
406 985 474 1015 eius
500 984 585 1015 bona
609 990 641 1015 et
664 985 844 1026 glorificent
868 991 991 1027 patrem
1018 986 1136 1026 Deum,
1163 987 1217 1028 qui
1242 987 1275 1017 in
1301 987 1398 1017 caelis
1424 993 1481 1018 est.

233 1047 272 1077 V.
308 1047 508 1089 Episcopum
533 1058 597 1077 11011
623 1052 770 1088 oportere
795 1048 929 1078 nimium
953 1048 1092 1090 profusis
1118 1049 1306 1080 incumbere
1332 1050 1500 1089 conviviis,
1534 1051 1591 1081 sed
1615 1063 1714 1093 parco
1740 1063 1777 1082 ac

125 1099 290 1131 moderato
316 1105 484 1131 contentus
510 1101 551 1131 sit
577 1100 660 1140 cibo,
686 1112 726 1131 ne
751 1100 901 1132 videatur
918 1101 1051 1132 Domini
1071 1101 1160 1133 abuti
1186 1104 1346 1134 sententia
1370 1103 1524 1134 dicentis:
1549 1105 1718 1137 Attendite.
1744 1119 1778 1136 ne

121 1161 292 1196 gyraventm·
323 1154 419 1185 eorda
454 1161 551 1185 nestra
586 1155 617 1185 ῐη
649 1155 780 1196 crapula
814 1162 841 1185 et
871 1156 1023 1186 ela-[etate.
1072 1156 1116 1186 Et
1141 1156 1295 1197 quamdiu
1321 1157 1522 1197 cmivivatnr,
1554 1159 1661 1199 potius
1687 1170 1779 1189 sacra

124 1205 220 1237 lectio
246 1212 319 1237 ante
344 1218 489 1237 mensam
515 1207 583 1238 eius
608 1208 762 1238 recitetur
786 1220 882 1249 quam
908 1209 1010 1238 otiosa
1035 1220 1051 1239 a
1078 1209 1304 1240 susurronibus
1330 1216 1482 1241 resonent
1506 1211 1616 1242 verba.

79 1283 106 1302 20
232 1269 289 1299 VI.
326 1269 495 1310 Peregrini
528 1274 559 1300 et
589 1281 750 1311 pauperes
781 1271 937 1301 convivae
971 1271 1034 1301 sint
1059 1272 1294 1313 episcoporum,
1328 1284 1400 1303 cum
1433 1272 1550 1315 quibus
1583 1285 1646 1304 non
1676 1274 1777 1305 solum

125 1322 294 1364 corporali.
321 1322 380 1352 scd
405 1322 541 1364 spiritali
566 1322 752 1353 reficiantur
777 1323 938 1354 alimento.

231 1384 306 1414 VII.
345 1384 577 1426 Quaecumque
602 1384 643 1415 ad
669 1385 794 1416 aurium
819 1391 851 1416 et
883 1385 925 1416 ad
957 1386 1122 1417 oculorum
1154 1388 1316 1428 pertinent
1346 1387 1535 1429 inlecebras,
1568 1389 1654 1420 unde
1686 1391 1779 1432 vigor

124 1438 224 1468 animi
250 1437 386 1468 emolliri
410 1449 504 1479 posse
531 1438 682 1469 credatur
712 1458 754 1461 —-
778 1442 820 1469 ⁴ut
851 1438 890 1469 de
923 1439 1084 1481 aliquibus
1116 1440 1290 1481 generibus
1319 1442 1514 1473 musicorum
1539 1442 1675 1484 aliisque
1700 1455 1777 1474 non-

123 1490 218 1521 nullis
243 1490 339 1521 rebus
372 1491 482 1521 sentiri
509 1496 614 1533 potest
638 1511 691 1530 —,
724 1491 765 1522 ab
791 1491 940 1522 omnibus
964 1493 1029 1523 Dei
1054 1493 1238 1524 sacerdotes
1264 1493 1425 1533 abstinere
1452 1495 1580 1535 debent,
1613 1497 1689 1542 quia
1720 1509 1779 1538 per

77 1555 105 1574 25
124 1545 250 1575 aurium
282 1544 513 1586 oculorumque
546 1544 716 1575 illecebras
741 1545 894 1576 vitiorum
925 1545 1020 1576 turba
1051 1546 1092 1577 ad
1117 1547 1258 1578 animum
1284 1548 1410 1589 ingredi
1436 1548 1526 1579 solet.
1576 1550 1777 1581 Histrionum

125 1608 253 1639 quoque
277 1598 419 1639 turpium
444 1603 475 1628 ct
500 1597 715 1629 obscenorum
740 1598 928 1629 insolentias
953 1600 1097 1630 1000111111
1123 1606 1153 1630 et
1178 1601 1239 1642 ipsi
1265 1602 1372 1632 animo
1398 1601 1541 1643 effugere
1574 1604 1776 1645 caeterisque

124 1649 348 1681 sacerdotibus
374 1651 559 1692 effugienda
584 1651 774 1693 praedicare
800 1651 929 1683 debent.

231 1713 323 1743 VIII.
367 1712 598 1744 Sacerdotibus
630 1725 694 1745 non
726 1714 859 1756 expedit
891 1714 1112 1745 saecularibus
1145 1720 1176 1746 ct
1211 1716 1358 1758 turpibus
1391 1717 1587 1759 quibuslibet
1621 1719 1776 1750 interesse

123 1766 214 1797 iocis.
262 1766 460 1797 Venationes
486 1778 613 1809 1111011110
638 1768 779 1798 ferarum
803 1768 855 1798 vel
881 1768 989 1798 avium
1015 1769 1145 1799 minime
1171 1775 1343 1800 sectentur.

79 1843 106 1861 30
231 1828 340 1859 VIIII.
377 1828 565 1871 Presbyteri
591 1841 718 1871 quoquc
745 1836 775 1861 ct
800 1830 953 1861 diacones
979 1831 1011 1860 in
1029 1830 1176 1861 omnibus
1194 1831 1351 1862 bonorum
1370 1844 1503 1874 operum
1521 1833 1776 1866 exhibitionibus

124 1882 173 1912 sui
198 1882 343 1924 episcopi
367 1883 506 1923 vestigia
531 1888 694 1914 sectentur
726 1889 757 1914 et
788 1884 819 1914 in
844 1883 1001 1914 bonorum
1026 1895 1150 1914 morum
1175 1885 1346 1926 probitate.
1378 1898 1462 1927 qnae
1489 1888 1642 1929 episcopo
1668 1888 1775 1919 obser-

124 1935 231 1966 vanda
257 1941 339 1975 sunty
365 1935 479 1966 eadem
505 1942 536 1967 ct
560 1936 621 1967 sibi
647 1936 852 1968 observanda
877 1948 948 1968 esse
973 1943 1182 1978 cognoscant.

230 1997 272 2028 X.
309 1998 465 2040 Episcopi
492 1998 623 2040 quidem
648 1999 823 2029 maximam
850 2010 959 2030 curam
992 2005 1023 2030 ct
1055 1999 1304 2032 sollicitudinem
1337 2002 1424 2032 circa
1449 2014 1608 2044 pauperes
1635 2003 1775 2034 habeant

123 2056 154 2081 et
190 2062 240 2081 res
277 2050 515 2082 ecclesiasticas
550 2051 677 2082 eclesiis
721 2052 852 2083 collatas
896 2058 992 2083 cauta
1031 2054 1321 2095 circumspectione
1359 2055 1545 2097 disp‹·nscnt
1583 2058 1675 2098 quasi
1710 2057 1774 2088 Dei

77 2118 103 2136 35
122 2104 269 2143 ministri⁷
294 2115 358 2134 non
383 2105 475 2146 quasi
500 2105 603 2146 turpis
628 2104 709 2135 lucri
734 2110 920 2145 sectatores,
953 2105 1078 2148 illisque
1112 2107 1156 2137 ita
1180 2113 1311 2138 utantur
1335 2120 1397 2139 non
1424 2114 1457 2140 ut
1482 2111 1629 2151 propriis,
1660 2110 1717 2141 sed
1742 2117 1774 2142 ut

122 2155 184 2187 sibi
209 2157 249 2187 ad
275 2157 527 2199 dispensandum
553 2159 743 2189 commissis.

231 2301 267 2324 II.
298 2302 312 2324 5
333 2302 441 2326 divinae
462 2300 534 2333 dent]
556 2303 619 2326 ‹lt—nt
641 2303 748 2326 divinae
771 2304 802 2327 X.
824 2304 849 2327 Γ.
924 2306 938 2326 Γ)
960 2304 1114 2327 lectitentur
1135 2305 1170 2329 JI.
1245 2311 1357 2337 possunt
1379 2307 1409 2330 N.
1476 2311 1491 2331 ὅ
1512 2308 1717 2339 srvqncntvntur
1737 2309 1774 2333 Jl.

228 2346 281 2369 III.
311 2348 325 2368 ἕ)
348 2347 467 2378 episcopi
489 2348 519 2371 λ’,
596 2345 685 2377 liccat]
707 2347 788 2371 libeat
810 2348 834 2371 Γ.
910 2346 1084 2379 pastoralem]
1106 2349 1238 2380 pastolenl
1260 2349 1291 2373 N.

228 2391 295 2414 IlII.
327 2392 357 2414 12
386 2392 541 2415 commisum
573 2391 605 2416 Jl.
700 2394 730 2415 13
759 2392 875 2416 debcant
906 2393 937 2417 λ’.
1032 2395 1061 2416 14
1089 2395 1144 2417 suis
1168 2407 1200 2409 —
1220 2393 1360 2426 prnclwat]
1389 2396 1422 2419 ita
1444 2398 1479 2421 ,11.
1508 2398 1562 2419 <nis
1588 2398 1622 2421 sit
1643 2398 1773 2421 subiectis

75 2443 102 2461 4ο
122 2435 274 2466 exemplum
296 2434 327 2458 X.
352 2435 374 2458 Γ.

228 2479 258 2503 V.
291 2481 321 2503 1ss
342 2477 435 2511 parco]
456 2488 521 2511 paro
545 2479 575 2504 N.
653 2481 681 2504 1'1
702 2482 838 2505 sententia
858 2480 982 2512 dicentis]
1003 2491 1049 2505 scu
1065 2501 1070 2506 .
1086 2501 1090 2506 .
1106 2501 1111 2507 .
1136 2483 1158 2506 I'.

228 2524 290 2547 VII.
321 2526 352 2548 22
374 2523 515 2548 inlecebris
537 2526 567 2549 X.
643 2527 675 2549 23
698 2523 736 2555 nt]
760 2526 829 2549 1111110
851 2525 882 2549 X.
957 2527 989 2550 25
1010 2528 1125 2551 animam
1148 2526 1181 2552 X.
1255 2529 1286 2552 ’Ξῖ
1308 2529 1453 2561 effug-enda
1475 2529 1509 2553 Jl,
1533 2531 1561 2553 λ’.
1587 2530 1610 2554 1'.

228 2569 303 2592 VIII.
333 2571 366 2592 2³5
386 2567 562 2600 quibuslibet]
582 2569 647 2593 deest
667 2570 702 2599 Jl,
731 2569 793 2594 libet
816 2570 842 2595 Γ.

227 2613 317 2637 VIIII.
348 2614 381 2635 3«)
402 2621 512 2645 operum
532 2614 596 2637 dms
619 2613 648 2638 λ’,

74 2664 101 2682 45
227 2657 258 2681 X.
288 2659 320 2681 371
343 2656 418 2687 lucri]
440 2659 527 2686 gratia
547 2658 607 2681 mm.
629 2659 663 2682 Jl.
687 2659 710 2688 Γ,
739 2658 819 2682 lucris·
842 2658 871 2683 X.
946 2657 1064 2690 utantur]
1086 2665 1242 2685 ntantantur
1264 2664 1298 2687 M.

231 2793 257 2825 l)
285 2793 332 2826 Cf.
359 2792 515 2828 capitulam
544 2792 646 2819 lim-oli
671 2793 773 2829 illu-qni
799 2793 1044 2828 Franeffen-[mse
1068 2796 1123 2823 791
1151 2806 1171 2822 1¹.
1190 2798 1239 2825 20.
1265 2807 1353 2833 supra
1373 2808 1405 2833 p.
1428 2800 1491 2825 llis.

1799 988 1826 1008 cf.
1835 988 1912 1008 natm.

1826 1015 1887 1038 5,1G.

1800 1117 1852 1135 [Alc.
1863 1118 1895 1139 2¹1,
1905 1117 1938 1135 34.
