2242 3085
134 686 159 705 10

133 970 159 989 15

134 1236 161 1255 20

598 99 647 125 39.
686 98 902 125 CONCILIUM
927 97 1255 128 AQUISGRANENSE
1280 97 1316 123 A.
1338 97 1412 124 816.
1765 94 1828 123 415

285 192 508 225 CXXXVIII.
551 191 705 231 Quales
741 191 833 222 vice
870 190 1155 232 praelatorum
1184 191 1223 220 in
1258 190 1591 232 congregatione
1627 190 1829 221 canonica

178 247 295 289 fungi
320 245 510 277 debeant.
560 245 717 287 Oportetl
751 244 910 275 ecclesiae
942 243 1112 286 p1·aelatOS‚
1147 249 1181 274 ut
1212 243 1251 274 de
1285 244 1537 285 congregatione
1570 242 1631 273 sibi
1657 244 1829 274 connnissa

177 301 257 332 tales
283 300 405 341 eligant
427 298 504 329 boni
529 298 702 329 testimonii
734 298 860 336 fratres,
896 297 927 327 in
960 295 1077 338 quibus
1102 307 1201 327 onera
1226 297 1392 337 regiminis
1417 307 1530 327 secure
1556 296 1681 338 possint
1706 297 1828 337 partiri.

179 353 305 393 Quibus
330 353 427 383 etiam
451 351 548 383 talem
574 351 743 382 conferant
767 355 969 392 potestatem,
1002 354 1036 380 ut
1067 350 1138 380 vice
1170 349 1297 380 illorum
1328 350 1500 391 fungentes
1529 355 1560 380 ct
1584 348 1829 379 inoboedientes

179 407 336 438 canonica
371 416 507 436 censura
544 405 706 446 corripere
743 410 774 434 et
809 402 1019 434 oboedientes
1051 402 1208 433 hortando
1241 402 1282 432 ad
1315 402 1448 433 meliora
1479 402 1609 433 valeant
1640 413 1828 443 provocare.

177 459 250 491 Non
279 459 364 490 enim
394 457 611 489 constituendi
644 463 717 488 sunt
746 456 958 498 personaliter
982 461 1037 486 aut
1061 466 1099 486 eo
1124 455 1246 491 ordine,
1280 467 1342 497 quo
1374 456 1406 486 in
1439 455 1575 497 collegio
1608 455 1742 486 fratrum
1774 455 1828 485 ad-

177 513 266 543 missi
291 518 374 549 sunt,
401 511 458 542 sed
483 510 659 542 secundum
685 510 772 541 vitae
796 509 946 540 meritum
972 514 1003 539 et
1028 508 1220 550 spiritalium
1253 508 1410 539 donorum
1442 509 1714 550 praerogativam.
1764 508 1828 547 Qui

178 571 210 596 et
233 566 266 596 in
291 565 542 606 congregatione
568 563 689 595 assidui
714 563 777 593 sint
802 568 833 593 et
857 562 992 593 fratrum
1017 573 1127 592 curam
1152 561 1303 603 pervigili
1328 561 1433 592 studio
1452 568 1565 601 gerant
1584 567 1624 601 et,
1651 562 1734 592 sicut
1750 561 1829 592 alios

177 618 379 661 praecedunt
391 617 587 659 magisterio,
605 617 649 647 ita
666 616 816 647 nimirum
834 616 1014 646 innocentis
1028 615 1113 645 vitae
1127 614 1301 645 informent
1318 614 1478 656 exemplo,
1497 620 1531 645 ut
1546 615 1636 645 iuxta
1650 614 1829 656 apostolum

179 671 327 713 exemplo
353 672 415 702 sint
440 670 576 701 caeteris
601 670 634 700 in
658 669 769 709 verbo,
802 669 834 700 in
866 668 1123 707 conversatione,
1156 668 1188 698 in
1220 668 1365 705 caritate,
1398 668 1429 697 in
1454 667 1528 707 fide,
1555 669 1587 698 in
1616 668 1773 705 castitate,
1800 673 1830 698 et

179 731 297 756 cetera.
335 724 399 764 Qui
424 724 531 762 etiam,
557 723 583 753 si
608 723 770 764 prioratus
795 722 843 753 sui
870 733 969 752 eausa
992 722 1208 752 intumescere
1226 721 1394 762 caeperint
1411 726 1442 751 ct
1460 732 1569 752 curam
1587 721 1722 751 fratrum
1740 720 1830 751 nihili

178 778 358 820 penderint,
384 778 410 807 si
432 776 545 808 crebro
566 776 721 807 admoniti
742 774 981 816 incorrigibiles
1007 775 1181 813 extiterint,
1207 785 1226 804 a
1250 774 1428 804 ministerio
1454 773 1685 815 propellantur,
1712 773 1830 815 aliique

178 832 210 862 in
234 831 304 862 loco
329 830 465 869 illorum,
491 830 546 871 qui
570 829 603 860 id
628 834 758 860 strenue
784 839 941 870 peragere
967 828 1101 869 possint,
1127 826 1395 858 substituantm·2.

285 900 526 933 CXXXVIIII.
564 900 621 931 De
647 900 913 942 praepositis.
963 898 1120 938 Quamvis
1152 909 1273 937 omnes,
1300 898 1354 940 qui
1380 903 1543 939 praesunt,
1570 898 1747 939 praepositi
1772 898 1831 927 rite

179 955 337 994 dicantur,
369 966 446 985 usus
477 960 585 985 tamen
617 953 755 984 obtinuit
787 964 841 983 eos
872 952 984 983 vocari
1015 952 1226 993 p1·aepositOS‚
1260 952 1315 992 qui
1345 950 1508 992 quandam
1534 951 1695 992 prioratus
1721 961 1831 981 curam

178 1008 237 1039 sub
263 1008 334 1039 aliis
359 1007 512 1049 praelatis
537 1012 662 1048 gerunt.
699 1006 743 1037 Hi
767 1012 886 1045 tamen,
912 1006 967 1047 qui
992 1006 1083 1036 iuxta
1106 1005 1192 1035 hune
1217 1016 1338 1035 moreni
1362 1005 1537 1046 praepositi
1555 1010 1723 1039 vocantur,
1749 1003 1830 1034 tales

179 1068 209 1092 et
234 1068 298 1092 tam
324 1061 445 1092 strenui
470 1059 687 1091 constituendi
712 1065 795 1096 sunt,
821 1059 876 1100 qui
901 1064 932 1089 et
956 1059 1041 1089 vitae
1066 1057 1252 1100 probabiles
1277 1058 1341 1088 sint
1365 1064 1395 1088 ct
1420 1069 1469 1097 ea,
1496 1068 1578 1099 quae
1609 1056 1670 1087 sibi
1689 1057 1833 1087 iniuncta

179 1121 261 1154 sunt,
292 1114 431 1145 fideliter
461 1113 686 1155 humiliterque
719 1112 872 1154 expleant
903 1117 934 1142 et
958 1123 1016 1153 pro
1042 1122 1089 1150 eo,
1122 1111 1209 1153 quod
1240 1111 1310 1141 aliis
1342 1110 1479 1152 praelati
1512 1116 1594 1147 sunt,
1626 1121 1833 1151 nequaquam

178 1167 418 1211 parvipendant
443 1167 601 1198 canonica
624 1167 780 1204 instituta,
813 1165 880 1202 sed,
913 1170 1033 1206 quanto
1065 1164 1136 1206 plus
1161 1164 1370 1206 implicantur
1394 1165 1426 1194 in
1451 1164 1585 1194 fratrum
1615 1164 1710 1200 curis,
1743 1168 1832 1193 tanto

180 1222 283 1262 magis
309 1220 459 1252 studeant
484 1219 677 1251 caelestibus
703 1218 927 1260 obtemperare
953 1218 1090 1248 monitis.
1139 1217 1271 1248 Debent
1295 1218 1395 1258 igitur
1419 1222 1555 1247 cunctae
1587 1216 1832 1257 congregationi

158 1275 273 1306 ‘utiles
298 1286 368 1305 esse
394 1279 425 1305 et
450 1273 489 1304 de
514 1273 691 1304 ministerio
718 1271 778 1302 sibi
804 1272 975 1302 commisso
1000 1270 1139 1302 fideliter
1162 1270 1327 1312 prodesse.
1376 1270 1425 1300 Ea
1450 1281 1538 1309 vero,
1571 1281 1653 1311 quae
1679 1269 1831 1299 fratribus

134 1502 160 1521 25

136 1808 162 1828 30

136 2143 162 2162 35

135 2410 162 2428 ΔΟ

135 2676 162 2694 45

180 1328 257 1359 dare
282 1327 411 1366 debent,
444 1338 516 1358 cum
541 1327 674 1357 caritate
699 1330 843 1367 tempore
869 1329 1026 1366 oportuno
1058 1324 1284 1355 incunctanter
1315 1323 1503 1365 praebeant,
1537 1329 1696 1365 quatenus
1722 1334 1741 1353 a
1765 1322 1831 1353 Do-

179 1382 264 1412 mino
290 1380 329 1411 de
354 1380 441 1411 fideli
466 1379 744 1411 administratione
770 1377 906 1420 gradum
932 1377 1051 1408 bonum
1078 1377 1261 1419 adquirant.
1310 1377 1399 1418 Erga
1428 1376 1650 1407 huiuscemodi
1676 1387 1753 1406 vcro
1779 1375 1832 1406 de-

180 1434 363 1476 linquentes
395 1439 426 1464 et
458 1433 697 1464 oboedientiam
729 1431 790 1462 sibi
823 1432 1027 1462 commissam
1059 1430 1142 1461 bene
1167 1442 1230 1461 non
1257 1430 1520 1461 administrantes
1546 1429 1659 1461 modus
1685 1429 1833 1471 superius

180 1487 421 1529 conprehensus
445 1486 605 1518 tenendus
631 1491 688 1516 est.

288 1616 464 1639 CXXXVIII.
495 1616 509 1639 2
530 1612 752 1646 congregatione]
774 1614 907 1638 canonica
925 1613 986 1637 adil.
1000 1612 1035 1636 ΑΙ.
1093 1612 1107 1635 3
1129 1608 1219 1642 onera]
1233 1611 1334 1635 honera
1350 1611 1409 1638 12oe
1422 1610 1506 1635 coria).
1521 1610 1552 1633 JJ.
1570 1611 1595 1633 (¹.
1652 1611 1666 1633 4
1687 1610 1786 1633 aetiam
1802 1609 1833 1633 le.

181 1661 195 1684 5
223 1661 356 1684 hortanda
376 1660 408 1685 B.
500 1661 514 1683 6
539 1660 635 1683 admisi
656 1659 688 1683 B.
780 1659 794 1682 S
822 1657 889 1682 alius
917 1657 1084 1689 praecedant
1111 1656 1144 1679 Β.
1238 1656 1268 1679 12
1295 1653 1320 1685 a]
1350 1655 1383 1678 ad
1406 1655 1437 1678 B.
1530 1656 1561 1678 13
1589 1651 1707 1685 strenue]
1728 1658 1781 1678 stre
1803 1653 1833 1677 L.

288 1713 482 1737 CXXXVIIII.
513 1714 543 1737 15
571 1713 707 1744 prioratur
733 1712 765 1735 B.
860 1712 889 1735 17
920 1710 1075 1742 probabiles
1105 1718 1167 1733 corr.
1194 1708 1343 1740 probabilis
1370 1708 1407 1732 JI.
1499 1709 1532 1731 20
1560 1708 1772 1739 congregatione
1800 1707 1832 1730 B.

181 1759 210 1783 21
235 1755 313 1789 quac]
334 1766 402 1789 quae
424 1767 438 1782 a
459 1757 490 1787 B,
512 1766 563 1788 que
584 1765 599 1781 a
622 1757 647 1781 (J.
704 1758 737 1780 22
757 1756 815 1780 dari
836 1756 873 1779 JI.
929 1756 1054 1786 quatinus
1075 1762 1086 1777 ε
1105 1763 1167 1777 corr.
1189 1754 1225 1777 JI.
1286 1754 1318 1777 23
1339 1753 1372 1777 dc
1392 1752 1456 1776 deest
1476 1752 1506 1776 L.
1563 1752 1779 1775 aministratione
1800 1751 1832 1775 B.

181 1811 244 1827 vero
264 1802 329 1826 deest
350 1802 379 1826 H.
402 1802 430 1826 P.
505 1803 537 1826 *24
559 1801 779 1826 hoboedientiam
802 1800 832 1824 H.

291 1921 318 1953 1)
346 1919 393 1954 (gf.
421 1928 479 1945 cnm
505 1918 555 1945 hoc
579 1917 669 1954 capite
694 1922 718 1944 et
742 1917 896 1953 insequenti
919 1916 982 1943 insl.
1007 1920 1096 1943 sanct.
1123 1915 1213 1943 6.,2-1.
1261 1914 1386 1950 Rucepta
1412 1917 1501 1940 (tutem
1527 1917 1566 1939 est
1590 1923 1690 1939 norum
1716 1913 1836 1950 ι’]ίφίιῑῖῐ

174 1973 355 2010 praeposilos
387 1983 421 1999 cs:
453 1972 550 2009 ''egsula
574 1970 721 1998 Benedicti
744 1980 766 1997 c.
783 1971 821 1998 :21
854 1967 886 2005 (l.
904 1971 922 1996 Ι.
942 1968 1054 2006 p.3'2)‚
1087 1968 1131 1995 ubi
1161 1968 1230 1995 llaec
1258 1969 1402 2004 lcyzmtur:
1434 1968 1478 1993 De
1511 1967 1624 1993 decanis
1661 1967 1831 1992 monasterii.

181 2026 209 2053 Si
235 2027 321 2053 maior
344 2026 431 2052 fucrit
456 2025 649 2060 congregatiO,
675 2025 825 2059 elegantur
849 2024 884 2050 de
910 2024 976 2058 ipsis
1001 2023 1134 2049 fratribus
1158 2022 1224 2048 boni
1248 2021 1401 2047 testimonii
1427 2025 1455 2047 et
1480 2024 1595 2046 sanctae
1614 2020 1834 2046 conversationis

182 2084 211 2107 ct.
235 2080 443 2106 constituantur
467 2079 578 2110 decani,
611 2079 657 2112 qui
688 2077 904 2104 sollicitudinem
929 2080 1028 2111 gerant
1055 2086 1140 2110 super
1164 2076 1296 2101 decanias
1321 2075 1347 2100 in
1372 2074 1499 2100 omnibus
1524 2074 1676 2100 secundum
1702 2074 1835 2099 mandata

181 2134 235 2160 Dei
262 2138 289 2160 ct
314 2137 470 2168 praccepta
493 2133 602 2159 abbatis
627 2132 678 2157 sui.
717 2130 771 2162 Qui
789 2131 888 2157 decani
906 2130 978 2156 tales
1004 2132 1163 2164 elegantur,
1189 2129 1217 2154 in
1243 2129 1343 2162 quibus
1369 2136 1483 2153 securus
1508 2127 1595 2153 abbas·
1620 2127 1724 2161 partiat
1749 2135 1832 2153 onera

181 2196 246 2218 suag
285 2191 313 2212 et
348 2195 403 2212 non
435 2186 585 2220 elegantur
616 2194 668 2219 per
698 2185 834 2212 ordinem.
871 2184 921 2210 sed
953 2183 1107 2209 secundum
1143 2183 1218 2207 vitae
1251 2181 1380 2207 meritum
1413 2184 1442 2206 et
1475 2180 1630 2214 sapientiae
1668 2180 1832 2205 doctrinam.

182 2240 294 2274 Quique
320 2240 429 2272 decani,
454 2240 476 2265 si
502 2249 535 2266 cx
561 2239 600 2264 eis
625 2238 719 2272 aliqua
742 2238 816 2263 forte
843 2237 903 2271 quis
928 2236 1040 2262 inflatus
1065 2235 1198 2270 superbia
1222 2238 1352 2269 repertus
1382 2234 1467 2260 fuerit
1500 2233 1740 2268 repre]tensibilis,
1773 2243 1833 2259 cor-

181 2297 276 2319 rectus
300 2293 388 2319 semel
414 2296 443 2318 et
470 2293 572 2318 iterum
598 2296 684 2326 atquc
710 2291 804 2319 tertio,
831 2291 852 2316 si
878 2290 1029 2316 emendare
1055 2289 1187 2320 nolucrit,
1220 2288 1368 2316 deiciatur,
1401 2290 1429 2313 ct
1457 2287 1529 2313 alter
1554 2287 1579 2312 in
1606 2287 1665 2312 loco
1691 2287 1761 2316 eius,
1786 2287 1833 2320 qui

182 2347 283 2381 dignus
308 2351 361 2379 est,
387 2346 532 2372 succedat.
572 2345 608 2370 Et
635 2345 669 2370 de
695 2344 857 2379 praeposito
884 2343 981 2369 eadem
1007 2342 1211 2368 constituimus.
1263 2340 1311 2367 Ex
1336 2340 1385 2367 hoe
1410 2339 1500 2376 ε’(ψίἰι)
1517 2339 1605 2376 flzlaez't
1630 2339 1709 2366 etiam
1736 2348 1832 2365 numen

176 2399 415 2436 prmpositorzmz,
451 2398 527 2435 quod
555 2398 677 2425 occurrit
707 2397 733 2424 ῖιι
767 2407 788 2424 c.
814 2398 869 2424 139
901 2396 980 2422 lanius
1011 2394 1205 2427 instincti0nis;
1241 2394 1274 2421 cle
1304 2392 1553 2431 siqu{sicatitmibus
1584 2402 1601 2419 a
1629 2392 1834 2429 (llll·1›(lt’gstltl.r(r›

182 2452 299 2489 receptis
323 2453 362 2486 cf.
380 2451 483 2478 ‘Neues
500 2451 617 2478 AJ-chiv'
636 2450 764 2481 XXVII,
788 2451 847 2478 6:35
871 2459 940 2476 (ιιιιι.
957 2452 986 2475 ⁸.
1058 2448 1087 2474 2)
1116 2446 1164 2482 (ss.
1185 2448 1283 2484 requla
1301 2446 1501 2483 Clwmlcyanyi
1524 2456 1546 2473 c.
1566 2447 1603 2474 :25
1629 2442 1659 2481 (l.
1678 2446 1694 2472 l.
1717 2456 1747 2481 J).
1767 2443 1834 2473 17¹:

235 2527 240 2532 .
267 2506 477 2532 archidiaconus
501 2504 547 2530 vel
570 2504 753 2539 primicerius,
785 2504 806 2529 si
832 2503 938 2537 reperti
963 2502 1078 2533 fuerint⁷
1105 2501 1180 2535 qnod
1205 2501 1288 2529 absit.
1320 2500 1452 2534 superbia
1476 2503 1523 2525 aut
1549 2499 1616 2525 clati
1649 2504 1694 2525 aur
1722 2505 1832 2523 comi-:1-

181 2560 304 2586 dictorcs
328 2559 372 2585 vcl
404 2562 593 2584 contemtores
624 2558 757 2583 canonica
789 2562 817 2582 ct
849 2557 930 2582 huius
954 2564 1039 2590 parve
1065 2554 1261 2585 institucionis,
1290 2554 1327 2579 hii
1352 2553 1505 2579 secundum
1531 2553 1640 2578 Domini
1667 2556 1832 2586 preceptum

181 2616 393 2639 ammoneantur
417 2611 503 2638 semel
529 2615 557 2636 et
582 2611 692 2636 iterum.
735 2610 764 2636 Si
789 2618 842 2636 non
869 2609 1091 2641 emendaverint,
1118 2608 1152 2634 ab
1179 2608 1310 2642 episcopo
1335 2607 1488 2633 secundum
1513 2606 1622 2631 modum
1649 2605 1734 2638 qnlpe
1761 2605 1832 2630 indi-

182 2670 290 2692 centur.
339 2665 445 2696 Quodsi
476 2673 570 2698 ncque
602 2664 640 2689 sic
672 2663 855 2695 correxerint,
889 2664 924 2688 dc
955 2662 1098 2688 ordinibus
1129 2661 1185 2687 suis
1218 2661 1363 2692 eiciantur,
1397 2664 1425 2685 ct
1451 2659 1506 2688 alii.
1540 2659 1586 2692 qui
1613 2658 1687 2690 [ligni
1714 2662 1775 2683 sunt
1804 2663 1831 2682 et

181 2719 355 2745 voluntatem
382 2719 435 2744 Dei
460 2718 504 2744 vel
529 2717 654 2752 episcopi
679 2717 720 2742 sui
745 2717 898 2742 secundum
924 2716 1046 2741 divinum
1071 2718 1237 2749 preceptum
1262 2713 1444 2748 inpleverint.
1477 2713 1502 2737 in
1535 2712 1600 2737 loci<
1634 2711 1741 2736 illorum
1767 2711 1831 2735 sub-

181 2772 325 2803 rogentur.

1851 673 1905 692 <·f.1.
1916 673 1972 690 Tim.

1884 700 1903 722 γι,
1915 701 1945 719 12³,
