2242 3085
100 732 125 750 10

100 1007 125 1025 15

54 1285 58 1288 '
99 1282 125 1300 20

101 1556 126 1575 25

103 1823 129 1842 30

104 2090 130 2109 35

105 2409 132 2427 40

106 2687 133 2705 45

607 128 658 155 38.
696 127 913 155 CONCILIUM
938 128 1173 155 TURONENSE
1199 128 1235 153 A.
1258 127 1332 154 813.
1726 124 1790 154 ‘293

143 222 379 253 restauratione
411 227 568 253 tectorum
600 220 693 252 nobis
723 221 899 252 necessitas
931 220 1088 251 incumbit
1119 220 1275 259 indicare,
1313 221 1387 262 quia
1419 232 1480 251 non
1518 226 1641 251 tantum
1678 220 1791 251 domus

142 276 420 315 monasteriorum,
446 275 503 306 sed
528 281 558 306 et
582 275 672 316 ipsae
698 274 835 305 eclesiae
861 279 993 315 propter
1016 278 1174 303 tectorum
1199 273 1342 314 inopiam
1367 274 1476 304 ruinas
1501 275 1673 304 minantur.

250 336 388 368 XLVII.
424 337 560 374 Ieiunia,
587 335 715 378 quando
748 335 943 377 generaliter
966 346 1023 377 pro
1049 335 1158 377 aliqua
1182 336 1376 366 necessitate
1402 336 1593 368 indicantur.
1621 335 1793 377 diligenter

142 390 184 422 ab
210 390 357 421 omnibus
383 389 595 420 custodienda
620 394 693 420 sunt
718 394 749 419 et
773 388 987 424 observanda.
1020 400 1079 419 nec
1110 399 1142 418 sc
1169 388 1285 430 aliquis
1312 388 1505 429 iiqnmhitan·
1532 389 1626 427 gulae
1653 390 1793 430 patiatur

143 444 315 485 eorrumpi,
340 450 375 474 ut
400 443 439 473 de
465 443 627 474 communi
652 442 812 473 consortio
838 447 1058 483 sequestratus
1090 441 1240 472 effectum
1269 442 1391 476 ieiunii,
1425 454 1518 483 qiu-111
1552 454 1623 473 cnm
1657 443 1792 473 caeteris

143 496 336 528 abstinendo
362 497 515 538 consequi
540 495 661 534 debuit,
686 494 830 536 ingluvie
855 495 976 525 ventris
1001 495 1106 525 vietus
1130 495 1268 536 turpiter
1292 495 1427 526 amittat.

251 558 406 589 XLVIII.
442 557 644 589 Ebrietatem
669 563 700 587 et
724 556 889 598 crapulam
912 556 1023 587 fideles
1042 557 1159 587 sectari
1176 568 1240 587 non
1258 555 1378 587 debere
1396 556 1555 587 Dominus
1573 556 1604 587 in
1625 557 1792 598 cvangelio

143 617 256 643 auctor
288 618 345 651 est,
379 612 434 653 qui
459 611 524 642 suis
549 609 751 641 auditoribus
775 611 820 640 ita
844 610 1066 652 praecipiens:
1098 610 1265 649 Attendite,
1297 610 1411 651 inquit,
1446 624 1480 639 ms
1502 618 1672 651 span-vntum
1697 611 1791 640 cns-da

144 673 244 697 vestra
278 667 308 697 z'n
341 665 473 707 crapula
505 672 532 695 et
562 665 715 696 ebrietate.
747 674 830 705 quae
862 664 941 694 vitia
973 663 1069 694 modo
1102 663 1189 704 apud
1220 663 1365 693 homines
1395 662 1513 692 nullius¹
1545 664 1694 693 numum}
1723 675 1792 693 csse

143 724 307 761 putantur.
356 717 422 749 Sed
447 722 567 759 quanta
590 716 675 747 mala
698 716 738 747 de
763 716 825 747 illis
850 717 999 757 generari
1024 716 1158 755 soleant,
1183 715 1278 746 facile
1303 727 1366 746 non
1392 722 1526 757 possunt
1551 716 1792 757 compi-clwmli.

145 772 351 804 Generantur
382 771 467 801 enim
498 770 537 801 de
569 769 630 800 illis
663 770 782 811 quique
814 770 965 800 noxiores
998 770 1124 811 corpori
1156 768 1269 805 morbi,
1308 775 1341 799 ut
1372 769 1488 810 phisici
1521 774 1687 799 testantur.
1742 769 1794 799 Ad

144 830 262 855 statum
294 835 421 866 quoque
453 824 567 854 mentis
600 822 810 854 evertendum
843 828 999 864 quantum
1031 828 1146 853 noceat
1178 822 1328 861 ebrietas,
1364 834 1427 852 non
1465 821 1559 852 facile
1595 822 1793 864 deprehendi

144 878 272 920 poterit,
305 878 424 920 quippe
456 889 528 908 cum
559 887 642 918 pene
668 877 809 907 omnium
834 876 1000 915 malorum,
1034 887 1116 918 quae
1142 875 1182 906 ab
1207 875 1391 906 hominibus
1417 876 1531 917 raptim
1558 881 1794 917 perpetrantur,

145 942 243 962 causa
268 931 308 961 sit
332 936 363 962 et
387 931 476 972 origo
502 929 653 962 ebrietas.

251 993 423 1024 XLVIIH.
459 992 667 1023 Admonendi
692 998 765 1022 sunt
789 991 911 1022 domini
937 991 1149 1026 subditorum,
1175 996 1209 1022 ut
1227 992 1314 1021 cirea
1332 1003 1406 1021 suos
1424 991 1476 1032 pie
1496 996 1527 1021 et
1544 991 1797 1022 misericorditer

145 1052 243 1089 agant
267 1058 326 1077 nec
352 1058 406 1077 eos
432 1045 575 1088 qualibet
600 1046 717 1076 iniusta
743 1046 912 1076 occasione
938 1045 1164 1084 condemnent,
1197 1056 1261 1075 non
1286 1045 1317 1074 vi
1350 1045 1542 1086 opfnimant,
1576 1056 1637 1074 non
1670 1044 1794 1075 illorum

145 1099 374 1131 substantiolas
406 1100 522 1130 iniuste
554 1098 683 1138 tollant,
716 1110 776 1129 nec
808 1099 879 1140 ipsa
910 1097 1030 1135 debita,
1063 1109 1145 1139 quae
1171 1110 1189 1128 a
1214 1097 1352 1128 subditis
1384 1097 1549 1128 reddenda
1582 1103 1664 1135 sunt,
1697 1098 1794 1139 impie

145 1165 183 1184 ac
208 1152 380 1184 crudeliter
405 1153 585 1193 exigantur.

250 1215 287 1247 L.
325 1214 398 1253 Utl,
424 1215 450 1245 si
474 1226 539 1245 non
562 1214 774 1256 frequentius,
800 1213 851 1244 vel
869 1219 917 1244 ter
940 1213 1015 1244 laici
1037 1213 1182 1244 homines
1200 1214 1232 1244 in
1251 1225 1334 1244 anno
1353 1214 1601 1247 communicent,
1628 1214 1689 1243 nisi
1714 1213 1796 1244 forte

145 1269 217 1311 quis
242 1267 418 1299 maioribus
444 1266 641 1309 quibuslibet
666 1266 854 1297 criminibus
879 1266 1084 1308 impediatur.

251 1330 306 1361 LI.
342 1330 547 1371 Diligenter²
571 1335 710 1360 tractare
737 1334 767 1359 et
792 1329 954 1371 inquirere
979 1330 1101 1371 pariter
1126 1330 1290 1371 coepimus
1318 1330 1349 1359 in
1376 1335 1536 1359 conventu
1562 1335 1681 1361 nostro.
1714 1329 1798 1360 sicut

144 1385 200 1427 pia
223 1384 420 1415 serenissimi
444 1383 599 1425 principis
631 1383 731 1413 nostri
760 1381 853 1412 nobis
879 1383 1018 1413 iniunxit
1042 1382 1228 1419 admonitio,
1261 1382 1300 1412 de
1334 1382 1395 1412 illis
1428 1381 1621 1421 hominibus,
1655 1383 1708 1424 qui
1742 1393 1796 1412 ex-

145 1437 317 1469 hereditati
342 1448 412 1467 esse
438 1436 598 1474 dicuntur,
632 1436 657 1466 si
684 1435 800 1477 aliquis
826 1441 919 1474 esset,
952 1436 1006 1477 qui
1038 1435 1154 1465 nostris
1179 1434 1380 1476 temporibus
1406 1435 1561 1465 voluisset
1586 1435 1694 1465 dicere
1721 1447 1753 1465 se
1779 1447 1797 1465 a

146 1490 290 1533 quolibet
313 1496 457 1521 nostrum
481 1489 543 1520 illis
568 1489 689 1531 privari
714 1488 820 1527 rebus,
854 1499 933 1530 quas
965 1493 1058 1530 pater
1089 1489 1157 1519 eius
1190 1494 1244 1519 aut
1276 1494 1378 1519 mater
1402 1494 1457 1519 aut
1482 1489 1581 1519 frater
1605 1488 1655 1519 vel
1681 1489 1797 1530 aliquis

146 1545 400 1587 propinquorum
424 1543 466 1574 ad
491 1542 625 1574 eclesias
643 1542 707 1573 Dei
726 1542 900 1582 dedissent,
926 1547 961 1572 ut
985 1542 1017 1572 in
1043 1542 1111 1572 eius
1136 1542 1265 1572 nomine
1284 1542 1400 1572 iterum
1417 1543 1565 1583 precaria
1583 1554 1599 1572 a
1620 1535 1798 1573 rectoribus

147 1597 358 1629 ecclesiarum
383 1597 595 1639 acciperetur.
640 1595 706 1627 Sed
730 1596 763 1626 in
788 1595 901 1626 eodem
927 1600 1089 1626 conventu
1113 1600 1222 1625 nostro
1247 1595 1409 1625 neminem
1435 1596 1646 1637 repperimus,
1677 1596 1731 1637 qui
1758 1595 1797 1626 dc

147 1651 207 1682 hac
232 1662 266 1681 re
284 1650 441 1681 adversus
465 1661 523 1680 nos
540 1650 694 1691 conqueri
712 1649 875 1680 voluisset.
913 1649 995 1679 Nam
1020 1660 1103 1690 pene
1129 1648 1233 1679 nullus
1259 1654 1316 1687 est,
1343 1649 1397 1690 qui
1422 1660 1471 1678 rcs
1498 1660 1571 1679 suas
1596 1649 1637 1679 ad
1663 1648 1798 1679 eclesias

147 1705 254 1743 donet,
291 1704 352 1734 nisi
384 1703 423 1734 de
457 1703 552 1734 rebus
585 1702 815 1733 ecelesiasticis
851 1708 906 1733 aut
941 1707 1075 1741 tantum,
1112 1707 1267 1743 quantum
1300 1701 1447 1738 donavit,
1485 1708 1539 1732 aut
1575 1702 1708 1744 duplum
1745 1709 1799 1733 aut

147 1757 278 1799 triplum
302 1757 539 1788 usufructuario
564 1756 714 1798 accipiat,
748 1762 779 1786 et
810 1755 928 1798 quibus
952 1755 1005 1786 ille
1032 1761 1118 1793 tunc,
1151 1754 1202 1785 vel
1234 1756 1362 1796 quantis
1387 1754 1461 1785 filiis
1487 1760 1541 1786 aut
1566 1756 1755 1797 propinquis
1781 1767 1799 1786 a

148 1810 327 1842 rectoribus
352 1810 583 1852 impetraverit,
608 1815 681 1851 post
706 1809 884 1840 discessum
910 1809 979 1839 eius
1005 1808 1117 1839 eadem
1141 1808 1335 1841 conditione.
1361 1820 1425 1849 qua
1442 1808 1493 1839 ille
1511 1808 1651 1841 tenebat.
1678 1810 1799 1850 posteri

148 1865 216 1895 eius
242 1863 303 1894 sibi
328 1863 504 1895 vindicent.
540 1863 604 1894 Hie
622 1874 698 1894 usus
716 1869 747 1893 ct
764 1863 844 1893 haec
862 1863 943 1893 ratio
968 1862 1055 1904 apud
1080 1873 1137 1892 nos
1162 1873 1264 1903 usque
1290 1861 1385 1892 modo
1411 1861 1451 1892 de
1476 1861 1593 1892 talibus
1618 1861 1798 1893 tenebatur.

147 1917 231 1949 Nam
264 1924 295 1948 et
325 1913 418 1948 nobis
449 1918 554 1948 visum
587 1922 635 1947 est
666 1916 841 1958 praedictis
866 1915 1041 1946 heredibus
1066 1915 1149 1946 hanc
1175 1915 1252 1945 dare
1285 1915 1458 1956 optionem,
1490 1921 1534 1950 ut,
1568 1916 1593 1945 si
1624 1915 1801 1946 voluissent

147 1971 337 2002 traditiones
362 1977 532 2013 parentum
557 1981 685 2001 suorum
711 1970 876 2011 consequi,
903 1969 942 2000 de
968 1980 1032 2010 qua
1056 1968 1101 1999 illi
1127 1969 1189 1999 iam
1217 1974 1308 1999 erant
1332 1979 1391 2010 per
1415 1968 1518 2006 leg-em
1538 1968 1672 2003 exclusi,
1698 1974 1799 1999 recto-

148 2024 238 2055 ribus
263 2024 453 2056 eclesiarum
479 2035 512 2054 se
537 2023 801 2055 commendarent
826 2028 857 2053 et
881 2022 1094 2053 hereditatem
1119 2022 1206 2052 illam
1232 2022 1264 2052 in
1290 2021 1494 2057 beneficium,
1528 2022 1612 2052 unde
1645 2033 1677 2051 sc
1710 2022 1799 2052 adiu-

148 2089 226 2109 vare
251 2089 289 2109 ac
315 2083 494 2108 sustentare
519 2083 660 2119 possent,
686 2076 882 2118 acciperent.

256 2131 348 2162 Haec
374 2142 431 2161 nos
456 2131 489 2161 in
514 2135 675 2161 conventu
700 2136 808 2160 nostro
834 2130 878 2160 ita
902 2128 1149 2167 ventilavimus,
1183 2128 1239 2159 sed
1272 2128 1432 2170 quomodo
1468 2128 1622 2170 deinceps
1655 2129 1799 2169 piissimo

150 2185 289 2226 principi
320 2190 428 2215 nostro
461 2184 500 2215 de
533 2183 580 2214 his
613 2183 775 2225 agendum
808 2182 960 2224 placebit,
995 2193 1053 2213 nos
1085 2181 1197 2212 fideles
1230 2181 1341 2212 famuli
1374 2182 1442 2212 eius
1474 2181 1585 2212 libenti
1620 2182 1726 2212 animo
1759 2181 1800 2212 ad

150 2244 260 2269 nutum
287 2244 318 2269 et
342 2237 539 2268 voluntatem
565 2237 633 2267 eius
658 2237 763 2278 parati
789 2247 907 2266 sumus.

257 2355 356 2379 XLVI.
387 2357 397 2378 1
420 2363 473 2379 non
493 2352 607 2385 tantum]
628 2354 775 2378 notandum
797 2354 827 2378 λ’.
903 2354 996 2377 domos
1019 2353 1049 2377 N.
1124 2354 1138 2377 ‘2
1160 2350 1261 2384 ruinas]
1283 2361 1370 2376 romas
1391 2353 1422 2376 λ’.

259 2400 371 2423 XLVII.
401 2400 416 2423 6
436 2398 555 2430 ingluvia
575 2400 611 2425 Js.
630 2399 664 2423 Ν
737 2399 869 2422 ammittat
891 2398 922 2422 N.

258 2444 386 2467 XLVIII.
416 2445 430 2467 S
451 2448 546 2468 auctor
566 2441 614 2474 est]
634 2447 772 2468 auctorem
794 2442 825 2466 X.
902 2444 931 2466 13
953 2440 1114 2472 horninibus]
1136 2443 1259 2465 omnibus
1280 2441 1311 2465 X.

261 2490 288 2512 1,.
321 2490 351 2512 19
374 2486 418 2519 lst]
440 2489 472 2511 Et
494 2488 530 2511 M.

261 2534 304 2556 LI.
334 2534 367 2557 22
388 2533 521 2557 iniuncxit
542 2532 573 2556 N.
631 2534 662 2556 23
683 2532 803 2556 voluisse
826 2532 856 2555 λ’.
912 2532 944 2555 25
966 2529 1004 2561 ut]
1028 2536 1053 2555 et
1074 2530 1109 2555 Jl.
1125 2531 1156 2554 X.
1213 2532 1245 2555 32
1261 2529 1408 2562 optionem}
1426 2531 1544 2554 ohtinvm
1561 2531 1591 2554 X.
1648 2529 1680 2560 sil
1704 2532 1753 2554 <ibi
1771 2531 1800 2554 X.

153 2580 185 2601 34
206 2578 441 2601 connncndassent
461 2575 493 2599 λ’,
567 2578 598 2601 37
620 2576 714 2600 famuli
736 2574 802 2606 cius]
825 2577 881 2599 cius
903 2575 995 2599 famuli
1017 2572 1049 2600 X.

264 2677 291 2713 I)
319 2678 366 2713 (ff.
393 2689 414 2705 ι).
437 2679 471 2706 Ili
498 2678 533 2704 l).
552 2681 572 2706 ἴ.)
596 2678 629 2704 (Ie
654 2687 775 2704 musea-r.
892 2676 921 2703 2)
956 2676 1004 2711 (ff.
1031 2675 1154 2711 capitzda
1180 2675 1285 2702 Karoli
1311 2674 1412 2711 Mayui
1441 2685 1529 2710 supra
1559 2685 1587 2710 7¹·
1612 2676 1670 2703 >340¹
1695 2685 1761 2701 (mu.
1785 2676 1801 2701 ,j

152 2732 280 2759 laudata.
328 2730 441 2761 Jlftuclc,
466 2732 484 2757 Ι.
502 2732 519 2757 Ι.
546 2730 585 2764 II,
609 2732 678 2759 213.

1815 624 1885 643 Luam:
1903 624 1926 646 ,Η
1945 639 1947 642 ⁴
