2242 3085
296 244 353 264 Gen.
364 246 383 267 ι’,
392 245 411 264 7.

311 495 415 518 Ps,61,:x,

314 522 384 545 istst),
393 521 413 542 5.

303 562 355 581 Luc.
365 562 384 585 3,
394 561 413 581 6.

432 135 492 165 138
827 137 875 164 19.
913 137 1129 164 CONCILIUM
1153 137 1516 165 FRANCOFURTENSE
1541 138 1578 164 A.
1600 137 1671 164 794.

431 231 462 261 in
488 242 559 261 eum
586 230 762 261 insufflavit
786 229 981 272 spiraculum
1006 230 1102 266 vitae,
1128 230 1210 261 sicut
1235 229 1389 261 scribtum
1415 236 1479 261 est:
1506 231 1547 261 Et
1563 232 1675 273 factus
1700 237 1743 261 est
1766 231 1853 261 homo
1881 231 1911 261 in
1935 232 2074 261 animam

431 285 589 315 virentem.
627 283 698 314 Non
716 283 814 324 igitur
831 283 919 321 alter,
946 283 999 324 qui
1018 282 1171 314 formatus
1189 288 1246 323 est,
1272 288 1303 314 et
1320 283 1409 323 alter,
1436 284 1489 325 qui
1508 282 1698 323 insufflatus,
1724 283 1782 314 sed
1805 294 1888 314 unus
1913 283 2073 325 idemque.

432 336 484 367 Ex
518 335 597 367 flatu
632 347 771 377 namque
808 336 949 367 animata
982 342 1029 366 cst
1060 341 1155 375 terra,
1192 342 1256 367 tam
1292 336 1599 377 inconprehensibili
1636 341 1703 366 arte
1739 335 1943 378 mirabilique
1978 336 2074 367 modo

433 390 548 420 summi
572 389 704 420 artificis
729 400 826 419 manu
851 389 1059 429 configurata,
1085 394 1119 420 ut
1143 389 1332 429 investigari
1356 388 1482 430 plenius
1507 395 1657 430 nequeat.
1690 389 1827 430 qualiter
1858 396 1889 419 et
1912 401 2010 420 unum
2035 390 2075 420 sit

433 443 541 473 anima
573 447 604 473 ot
635 453 720 481 carO,
757 453 840 483 quae
876 442 1054 483 perfectum
1087 442 1229 473 efficiunt
1262 442 1434 481 hominem,
1471 447 1502 472 ct
1532 448 1639 472 tamen
1671 441 1801 472 diversa
1832 443 1872 473 sit
1896 441 2074 473 substantia

434 496 539 526 carnis
564 500 595 526 et
619 495 759 536 spiritus.
808 495 890 525 Nam
915 506 986 526 cum
1015 495 1169 526 scribtum
1202 496 1258 525 sit:
1292 495 1346 525 Ad
1369 502 1394 525 te
1419 497 1519 526 omnis
1543 508 1616 525 earo
1644 497 1754 534 reniut,
1784 500 1814 526 et
1845 506 1972 526 rursus:
2003 495 2075 526 Non

434 550 543 580 tinwbo
575 549 654 590 qnid
682 549 788 590 faciat
816 549 897 579 msln'
919 561 1002 581 earo,
1029 553 1060 579 et
1091 549 1222 578 iterum:
1260 548 1302 578 Et
1335 548 1450 579 videbit
1479 550 1579 579 anmals·
1610 561 1682 579 (raro
1713 549 1851 579 salutare
1875 549 1940 580 Dei
1968 550 2076 587 nostri,

435 601 520 632 nullo
545 612 685 643 namque
710 606 805 643 paeto
830 601 898 631 sine
924 601 1031 631 anima
1055 601 1166 632 videre
1191 605 1306 642 potest,
1332 605 1366 630 ut
1385 600 1495 631 videat
1519 600 1657 631 salutare
1675 601 1749 641 Dei,
1775 612 1834 632 nec
1852 602 1963 632 venire
1980 601 2075 641 valet,

435 660 469 686 ut
493 655 603 685 veniat
626 654 668 685 ad
692 666 765 685 eum
790 655 892 685 omnis
917 665 1002 685 earo.

542 708 704 738 Ponamus
729 708 827 749 igitur
858 707 997 748 exempli
1025 718 1123 737 causa
1148 706 1326 737 secundum
1353 706 1511 737 humanae
1543 707 1676 737 rationis
1701 708 1859 741 effectum,
1885 708 2077 738 necessitate

440 772 498 803 per
522 761 629 792 omnia
654 761 866 802 conpellente,
892 760 1093 791 matherialia
1117 760 1260 790 themata
1285 759 1479 801 disputandi.
1516 760 1599 790 Nam
1623 761 1706 791 sicut
1728 761 1762 790 in
1786 760 1890 802 planis
1915 767 1945 791 et
1969 760 2078 791 solidis

437 815 548 856 figuris
572 814 657 845 linea
682 820 713 844 et
737 815 769 844 in
794 813 1024 855 quadrangulis
1049 818 1196 855 punctus,
1228 813 1304 843 licet
1335 813 1397 843 sint
1420 812 1656 843 indissicabiles
1682 818 1713 843 et
1737 813 1837 844 dividi
1862 819 2025 855 nequeant
2049 818 2079 844 et

438 867 559 898 idcirco
583 868 713 909 egregie
738 867 914 908 (lelssdngant
932 866 1167 896 dimensionum
1184 866 1314 907 figuras,
1340 866 1481 896 onmium
1506 870 1613 896 tamen
1638 877 1843 897 numerorum
1867 866 2079 897 multitudinis

438 932 596 952 summam
620 921 652 951 in
677 932 710 949 se
736 921 889 950 sociatam
920 919 1059 950 retinent
1090 924 1121 949 et
1150 930 1191 949 ex
1223 930 1256 949 se
1287 930 1390 961 usque
1422 918 1464 949 ad
1494 919 1651 949 infinitam
1680 920 1943 950 numerositatem
1968 931 2079 961 proce-

439 974 550 1005 dentes
587 979 617 1004 et
647 985 773 1004 rursum
805 973 836 1003 in
868 984 901 1003 se
933 984 1035 1014 usquc
1067 972 1108 1003 ad
1139 984 1236 1003 unum
1269 978 1471 1003 recurrentes
1502 972 1702 1003 individuam
1734 973 1872 1003 retinere
1903 972 2080 1014 probantur

438 1028 565 1058 unionis
602 1038 780 1058 censuram.
835 1026 1035 1067 Fingamus1
1066 1026 1163 1067 igitur
1198 1026 1338 1056 animam
1374 1025 1405 1056 in
1438 1025 1541 1055 forma
1576 1025 1719 1067 corporis
1756 1026 1848 1067 quasi
1878 1025 1997 1056 lineam
2028 1026 2079 1056 vel

438 1086 593 1122 punctum
617 1081 649 1110 in
674 1079 788 1121 planis,
814 1079 923 1109 solidis
948 1084 1044 1120 atquc
1070 1078 1335 1120 quadrangulatis
1359 1078 1470 1120 figuris
1496 1084 1628 1109 cunctas
1653 1077 1868 1110 membrorum
1891 1079 2030 1120 partium
2047 1079 2079 1109 in

439 1145 472 1164 se
498 1133 663 1164 individue
689 1133 889 1163 continentes
914 1133 1099 1173 positiones,
1131 1131 1384 1173 unumquodque
1415 1132 1449 1161 in
1472 1132 1620 1162 iunctura
1645 1143 1702 1162 sua
1726 1132 1890 1171 insertum,
1922 1132 1966 1162 ita
1990 1137 2024 1162 ut
2048 1137 2079 1162 et

437 1198 536 1218 unum
562 1187 601 1217 sit
626 1191 656 1216 et
682 1186 855 1216 diversum.
902 1185 985 1216 Nam
1011 1186 1036 1215 si
1062 1184 1231 1216 subtrahas
1256 1184 1374 1215 lineam
1400 1190 1431 1215 et
1455 1190 1609 1226 punctum
1634 1184 1825 1226 equalitatis,
1850 1184 2001 1215 nobilitas
2026 1184 2078 1215 de-

437 1245 612 1281 generatur
640 1239 774 1280 figurae.
828 1239 972 1269 Instante
1009 1243 1116 1269 autem
1151 1238 1256 1268 lineae
1292 1238 1427 1268 iacentis
1462 1237 1637 1279 primordio
1673 1238 1848 1280 punctique
1885 1237 2078 1268 circumfusa

437 1293 562 1323 numeri
587 1292 793 1334 quadratura,
820 1293 939 1334 quique
965 1292 1067 1322 secari
1091 1291 1143 1322 vel
1167 1302 1232 1322 non
1256 1291 1359 1322 secari
1384 1295 1526 1333 possunt,
1551 1290 1669 1321 resolvi
1693 1290 1856 1321 insolubili
1881 1291 2022 1322 sectione
2046 1291 2079 1321 in

437 1345 542 1376 lineae
568 1346 743 1387 punctique
768 1345 938 1387 privilegio
964 1344 1211 1375 demonstratur.
1258 1344 1308 1375 Ita
1333 1355 1410 1374 sane
1435 1344 1484 1374 vis
1509 1344 1646 1383 animae,
1672 1355 1746 1374 cum
1770 1344 1810 1374 sit
1834 1344 2025 1385 incorporea
2049 1350 2080 1375 et

437 1398 618 1438 invisibilis,
650 1410 709 1429 ncc
742 1398 844 1429 dividi
879 1404 985 1440 potest
1015 1409 1074 1429 nec
1106 1398 1221 1439 recipit
1252 1398 1430 1428 sectionum
1462 1397 1628 1436 scissuras,
1666 1402 1766 1428 totam
1797 1402 1905 1427 tamen
1936 1397 2079 1438 corporis

436 1452 563 1492 molem,
590 1464 671 1494 quae
697 1452 798 1482 dividi
822 1451 875 1482 vel
900 1452 1003 1482 secari
1027 1456 1142 1493 potest,
1167 1451 1199 1481 iu
1225 1462 1258 1481 se
1284 1444 1502 1481 continentem
1527 1449 1717 1481 mirabiliter
1740 1450 1824 1491 regit
1849 1456 1880 1481 et
1903 1461 1961 1492 per
1979 1455 2078 1481 totum

438 1505 555 1536 diffusa
582 1505 754 1536 animando
786 1505 931 1535 vivificat
961 1510 992 1535 et
1024 1505 1115 1546 quasi
1147 1509 1285 1546 punctus
1316 1504 1349 1534 in
1373 1503 1479 1534 medio
1509 1515 1599 1534 suam
1630 1503 1797 1534 individue
1830 1504 1946 1534 retinet
1977 1503 2079 1545 digni-

437 1564 535 1590 tatem
561 1564 592 1589 et
616 1559 648 1589 in
672 1558 810 1589 alienam
834 1569 898 1588 non
928 1557 1099 1588 resolvitur
1130 1557 1327 1599 qualitatem.
1375 1556 1468 1596 Nam,
1501 1557 1582 1587 sicut
1615 1556 1736 1587 dictum
1768 1561 1825 1595 est,
1859 1568 1930 1587 culn
1963 1557 2003 1587 sit
2034 1557 2080 1587 in-

438 1623 603 1654 corporea,
629 1611 838 1653 corporaliter
862 1616 979 1642 cuncta
1002 1622 1061 1652 per
1085 1622 1201 1652 corpus
1227 1610 1367 1651 disponit
1388 1614 1428 1649 et,
1447 1621 1520 1640 cum
1537 1610 1577 1640 sit
1595 1609 1774 1640 substantia
1791 1610 1896 1640 carnis
1915 1621 2079 1651 corporea,

436 1677 495 1707 per
519 1666 741 1707 incorpoream
767 1670 958 1703 creaturam,
983 1664 1016 1694 id
1041 1669 1089 1694 est
1114 1664 1263 1702 animam,
1290 1674 1463 1704 corporeas
1488 1663 1613 1704 perficit
1638 1663 1791 1694 actiones.
1832 1663 1937 1693 Tanta
1962 1663 2079 1693 etenim

437 1719 600 1750 societatis
632 1718 859 1749 convenientia
897 1717 1026 1748 sibimet
1059 1722 1131 1748 sunt
1168 1717 1295 1755 unitae,
1331 1716 1388 1747 ut*
1423 1728 1522 1747 unum
1558 1717 1626 1747 sine
1663 1715 1762 1747 altero
1798 1715 1877 1746 nihil
1912 1716 2014 1758 possit
2050 1721 2080 1746 et

547 1842 572 1879 *)
598 1849 661 1872 Loco
689 1849 813 1872 verbor-mn
849 1849 879 1871 ut
910 1855 995 1871 unum
1026 1846 1085 1871 sine
1117 1845 1206 1872 altero
1237 1845 1305 1870 nihil
1335 1845 1423 1879 possit
1456 1848 1485 1871 et
1516 1845 1634 1871 alterum
1663 1860 1698 1863 —
1729 1854 1783 1871 non
1814 1845 1901 1879 possit
1934 1845 2080 1871 humanam

596 1903 749 1926 monstrare
774 1903 901 1925 naturam
925 1899 960 1932 (21.
983 1902 1032 1925 13³¹
1059 1901 1073 1925 ί.
1096 1899 1122 1929 1)
1148 1901 1263 1931 ngsuntzzr
1286 1900 1313 1924 in
1339 1898 1362 1922 I'
1376 1903 1399 1923 1.
1421 1902 1436 1923 :2
1462 1901 1493 1923 nt
1524 1907 1608 1923 unum
1639 1898 1698 1924 sine
1729 1898 1818 1924 altero
1843 1898 1910 1923 nihil
1941 1898 2027 1932 possit
2052 1898 2080 1923 in

595 1953 715 1979 humana
740 1956 866 1979 constare
892 1956 1001 1984 natura,
1022 1962 1070 1985 pro
1094 1952 1121 1977 in
1138 1954 1296 1977 —natura
1320 1953 1346 1976 z'n
1372 1951 1423 1976 ΡΞ
1446 1951 1593 1977 humanam
1619 1954 1746 1977 constare
1771 1954 1908 1977 naturam.

546 2077 555 2099 1
578 2076 605 2098 in
627 2082 685 2099 eum
705 2071 862 2104 insufflavit]
881 2074 916 2097 ita
936 2074 971 2099 Jl,
994 2073 1142 2097 insufflavit
1161 2073 1188 2096 in
1209 2081 1269 2097 enm
1288 2073 1341 2097 rell.
1427 2074 1442 2097 2
1462 2069 1609 2103 viventem]
1630 2073 1754 2096 virtutem
1776 2073 1831 2096 1³2.
1917 2069 2076 2102 insufflatus]

437 2123 477 2143 cst
496 2119 555 2145 fuld.
577 2119 601 2142 P
614 2122 637 2143 Ι.
728 2120 742 2142 4
763 2116 943 2150 configurata]
963 2117 1128 2149 configulata
1149 2117 1179 2143 R.
1200 2116 1224 2139 P
1238 2120 1259 2141 1.
1281 2120 1303 2141 2.
1396 2120 1421 2141 et
1439 2117 1504 2141 deest
1524 2116 1558 2140 Js.
1650 2114 1693 2147 sit]
1714 2117 1743 2141 fit
1763 2117 1798 2141 JI.
1891 2117 1905 2140 6
1924 2114 2024 2147 veniat]
2044 2117 2079 2140 ita

438 2163 472 2187 Jl.
492 2164 523 2187 R.
545 2163 601 2192 ΡΖ),
623 2164 714 2187 veniet
734 2162 790 2187 ΡΙ.
808 2163 877 2194 I'ulq.
934 2163 948 2186 S
968 2163 1060 2186 venire
1076 2159 1156 2192 valet]
1177 2161 1251 2186 valet
1269 2162 1361 2185 venire
1382 2160 1438 2186 Pl.
1497 2163 1528 2185 10
1543 2169 1649 2185 eausam
1664 2162 1700 2186 JI·
1757 2158 1890 2192 effectum]
1905 2162 2078 2185 affectum

438 2207 530 2234 Ι’1,·.),
625 2209 652 2231 11
676 2207 847 2231 matherialia
866 2204 995 2238 themata]
1021 2205 1200 2235 xnatssncriali
1228 2206 1401 2230 anathemata
1422 2206 1479 2230 1²1.
1494 2207 1517 2230 2.
1611 2207 1641 2229 12
1667 2208 1784 2236 nequeat
1805 2204 1840 2229 M.
1934 2206 1964 2229 13
1985 2206 2078 2237 depin-

436 2256 520 2283 guant
540 2251 595 2276 1)·2.
684 2253 714 2275 14
735 2248 875 2282 infinitam]
897 2251 931 2274 ita
951 2250 986 2276 JI.
1016 2251 1115 2274 finitam
1136 2254 1189 2274 cett.
1276 2251 1306 2274 15
1328 2247 1441 2281 rursum]
1463 2250 1497 2273 ita
1517 2249 1553 2275 ᾸῙ.
1583 2258 1675 2273 rursus
1694 2254 1747 2274 cett.
1839 2250 1870 2273 16
1889 2250 2001 2274 formam
2022 2249 2078 2273 ΡΙ.

439 2298 468 2321 17
491 2294 579 2327 atque]
599 2297 625 2319 in
645 2296 703 2319 add.
725 2296 760 2319 JI.
836 2296 866 2319 19
888 2292 994 2325 lineam]
1017 2294 1120 2319 leneam
1142 2294 1165 2317 Ι)
1175 2296 1199 2318 L).
1272 2296 1306 2319 20
1326 2292 1423 2325 lineae]
1444 2294 1516 2319 linea
1536 2294 1592 2318 PL).
1674 2291 1846 2324 circumfusa]
1868 2294 2001 2318 circafusa
2022 2293 2078 2317 Pl.

437 2342 467 2365 ‘21
489 2338 603 2370 numeri]
626 2341 728 2363 muneri
750 2339 774 2362 P
784 2342 806 2363 2.
867 2337 963 2370 secari]
983 2339 1019 2363 ita
1039 2339 1074 2365 Μ,
1095 2340 1164 2363 seori
1184 2339 1215 2368 li',
1235 2339 1424 2370 segregari
1445 2339 1500 2363 ΡΙ.
1517 2340 1540 2363 2.
1607 2335 1703 2368 secari]
1725 2338 1760 2361 ita
1780 2336 1815 2362 JI.
1837 2338 1867 2367 11³,
1888 2339 2078 2370 segregari

438 2384 493 2409 J'J.
509 2388 531 2407 2.
587 2385 620 2408 22
640 2382 792 2415 punctique]
813 2384 848 2408 lta
864 2375 924 2407 ΤΙ.
940 2386 962 2409 2,
983 2384 1132 2415 punctione
1152 2382 1188 2411 M,
1209 2383 1320 2414 punctia
1340 2383 1371 2406 R.
1427 2384 1460 2407 23
1481 2383 1583 2414 recepit
1602 2382 1634 2406 R.
1656 2382 1710 2406 ΡΖ).
1768 2383 1800 2406 24
1820 2379 1915 2413 secari]
1935 2383 1970 2406 ita
1990 2383 2025 2407 ΙΙΙ.
2047 2382 2077 2411 R,

436 2429 623 2458 segregari
648 2429 700 2452 [Ἰ.
717 2432 739 2452 2.
814 2429 845 2452 27
867 2427 1045 2459 corporaliter
1058 2440 1092 2443 —
1106 2435 1240 2459 corporea
1258 2427 1347 2451 desunt
1367 2427 1422 2451 Pl.
1497 2428 1530 2451 ‘28
1550 2428 1709 2458 incorporea
1730 2427 1759 2450 Ia‘.
1834 2424 1941 2457 etenim]
1963 2427 2031 2451 enim
2048 2426 2077 2450 R.

437 2475 468 2497 ⁴29
491 2474 566 2496 unita
586 2475 642 2498 ΓΙ.

546 2590 574 2623 1)
600 2590 685 2616 llam·
708 2589 869 2616 sententiam
898 2588 1030 2622 Jlmlrisi,
1056 2589 1074 2615 l.
1100 2589 1116 2615 l.
1138 2598 1170 2624 p.
1190 2590 1225 2616 13
1250 2589 1288 2616 ita
1313 2588 1531 2625 interpretalur:
1556 2588 1687 2615 ‘Videtur
1711 2593 1799 2615 aulem
1825 2588 1847 2615 is
1869 2597 1966 2615 sensus
1982 2587 2078 2615 Pauli-

437 2644 542 2671 nianae
565 2642 751 2670 similitudinis
775 2652 848 2669 esse:
879 2642 948 2668 sieut
973 2646 1106 2677 punctum
1139 2641 1200 2667 lif-at
1229 2641 1339 2668 manino
1370 2640 1533 2668 indivisibile
1564 2645 1588 2668 e!
1611 2641 1684 2668 linea
1715 2650 1821 2678 quoque
1843 2641 1991 2668 secundnm
2016 2640 2077 2668 lati-

2099 720 2125 738 10

2100 985 2126 1003 15

2099 1251 2126 1269 20

2100 1515 2127 1534 25

2100 1855 2126 1873 30

2099 2167 2126 2186 35

2098 2389 2127 2407 40

437 2697 556 2724 [udinem
581 2695 762 2728 indivisibilis,
788 2699 877 2721 lamen
904 2694 1069 2721 caussinum!
1093 2698 1117 2721 et
1141 2694 1367 2721 circatas-eribant
1390 2694 1570 2730 quodcunque
1588 2704 1688 2731 corpus
1705 2698 1730 2721 et
1744 2702 1935 2730 quamcunque
1952 2693 2078 2730 corporis
2096 2703 2125 2721 45

433 2754 544 2786 partem
568 2750 649 2776 salva
671 2757 780 2784 semper
802 2757 854 2774 san
873 2747 997 2783 propria
1029 2747 1260 2779 indivisibilitas&
1290 2746 1329 2773 sic
1357 2746 1453 2774 anima
1483 2747 1606 2784 viz-{sicat
1634 2751 1715 2774 totum
1748 2756 1848 2783 corpus
1879 2751 1903 2773 et
1932 2746 2079 2783 quamlibet

436 2802 522 2838 ipsius
542 2806 664 2838 partem,
690 2801 752 2837 ipsa
776 2800 896 2828 indivisa
921 2804 1090 2826 remanente.
1140 2799 1178 2826 Ec
1207 2799 1276 2826 sicut
1299 2799 1435 2836 quaelibet
1449 2799 1549 2837 fiyurct
1568 2800 1662 2836 plana
1686 2800 1729 2826 vel
1750 2799 1840 2826 solida
1863 2800 1907 2826 vel
1929 2799 2076 2836 quadran-
