2242 3085
240 345 302 364 Ιιυιιῑ,
313 345 344 365 16,
356 346 386 364 10,

411 135 475 164 278
843 138 893 165 37.
931 138 1147 165 CONCILIL'M
1174 137 1468 165 CABILLONENSE
1493 138 1528 164 A.
1552 139 1624 165 2⁴13.

517 231 608 262 XXI.
658 230 838 261 (Jomitibus
862 241 939 261 vcro
966 236 997 261 ct
1029 230 1190 261 iudicibus
1222 231 1281 262 1100
1314 242 1517 272 summopere
1549 231 1787 263 observandum
1819 238 1876 271 est,
1908 239 1941 264 ut
1973 234 2054 265 iuste

409 283 552 314 iudicent
584 289 613 314 ct
646 295 851 325 nequaquam
883 285 915 314 in
947 283 1066 314 iudicio
1098 295 1232 314 munera
1263 295 1320 314 seu
1351 295 1508 325 personas
1539 285 1711 326 accipiant,
1744 285 1871 316 dicente
1896 286 2053 317 Domino:

408 337 478 367 *Ion
504 339 641 378 «eripies
662 350 827 379 personam
855 349 907 367 m‘c
933 350 1070 376 munera,
1096 339 1170 378 qm'n
1198 350 1323 367 meimet-n
1349 345 1513 368 (τα-00000111
1536 339 1639 368 oculos
1663 340 1850 380 sapientiem
1882 346 1910 369 et
1938 347 2056 371 mutant

410 391 499 420 ret-lm
528 392 684 421 [metm-nm.
735 389 801 420 Sed
826 395 855 420 et
880 390 1052 423 ministros.
1079 401 1158 431 quos
1184 390 1321 420 vicarios
1354 395 1384 420 et
1409 391 1610 421 centenarios·
1644 396 1770 430 vocant,
1802 392 1902 422 iustos
1933 391 2053 423 habere

407 442 536 481 debent,
563 454 601 473 ne
628 444 707 473 forte
734 454 843 473 eorum
869 443 1012 474 avaricia
1037 449 1091 473 aut
1116 444 1293 484 rapacitate
1319 443 1455 484 populus
1480 449 1634 484 gravetur
1657 449 1688 474 et
1705 444 1830 474 amissis
1848 444 2054 475 facultatibus
2073 456 2085 473 5

407 497 438 525 111
464 501 686 537 paupertatem
714 496 888 537 redigatur.
936 496 1051 527 Testes
1076 508 1152 526 vero
1179 495 1395 537 probatissimi
1422 501 1452 526 et
1476 497 1570 537 pauci
1598 496 1636 526 de
1662 495 1807 537 pluribus
1833 507 1903 527 esse
1935 496 2053 528 debent

407 548 496 583 tales,
523 548 562 579 de
588 560 722 590 quorum
747 548 810 579 tide
835 561 899 579 non
924 549 1096 580 dubitetur.
1145 549 1280 580 Multum
1311 554 1417 579 autem
1450 560 1622 590 pravorum
1653 550 1782 580 testium
1815 549 1991 591 eupiditate
2023 556 2053 581 et

406 602 544 632 falsitate
570 613 620 632 res
644 601 775 643 publica
799 602 946 633 laeditur.

514 673 622 703 XXII.
671 673 721 703 De
747 672 919 704 abbatibus
945 685 1021 704 vcro
1048 678 1078 704 ct
1102 673 1267 703 monachis
1293 673 1414 703 ideireo
1441 672 1490 703 hic
1517 684 1620 714 pauca
1646 672 1826 712 scribimus,
1853 674 1928 715 quia
1948 684 2051 715 paene

407 726 512 755 01111113
549 727 743 757 monasteria
775 726 935 767 regularia
972 727 1002 756 in
1040 726 1087 756 liis
1124 725 1311 767 regionibus
1348 727 1521 756 constituta
1558 725 1734 756 secundum
1771 725 1915 767 regulam
1951 727 2099 757 sanctim

407 778 576 809 Benedicti
603 791 635 809 se
661 780 771 810 vivere
797 780 953 816 fatentur;
980 790 1062 821 quac
1088 779 1174 810 beati
1200 779 1369 809 Benedicti
1396 779 1587 809 documenta
1614 790 1671 820 per
1696 779 1803 809 omnia.
1821 778 2051 811 demonstrant.

407 831 543 873 qualiter
568 833 613 863 eis
638 832 813 863 vivendum
839 833 888 863 sit.
941 832 1123 874 Inquiratur
1155 844 1231 873 ergo
1263 832 1444 873 diligenter,
1476 831 1530 862 ubi
1563 831 1739 863 secundum
1771 832 1875 873 ipsum
1908 832 2051 863 ordinem

406 885 526 915 vivitur
551 890 580 915 et
606 885 661 916 ubi
687 885 727 915 ab
753 886 821 926 ipso
848 885 959 916 ordine
986 885 1166 926 digressum
1191 890 1249 923 est,
1275 891 1306 915 et
1330 885 1420 915 iuxta
1446 885 1591 915 eiusdem
1616 885 1702 915 beati
1728 885 1788 915 viri
1820 885 2051 916 institutismem

406 938 516 968 vivere
542 943 663 968 certent
689 939 743 979 qui
768 949 811 976 se,
838 944 871 968 ut
896 939 938 969 ita
964 939 1120 974 viverent,
1148 950 1219 968 cum
1244 938 1456 968 adtestatione
1482 938 1617 979 professi
1643 943 1725 969 sunt.

514 1009 640 1039 XXIII.
700 1009 914 1039 Decrevimus
955 1009 1039 1039 enim
1080 1008 1257 1039 secundum
1294 1011 1474 1039 canonuml
1511 1009 1740 1039 institutionem
1778 1008 2049 1050 presbyterorum,
2074 1020 2096 1037 15

406 1061 614 1092 diaeonormn
648 1067 678 1092 01
711 1066 889 1092 ceterorum
923 1061 1081 1103 graduum
1116 1061 1303 1092 inferiorum
1338 1061 1556 1092 ordinationes
1591 1062 1717 1092 statutis
1751 1061 1948 1103 temporibus
1982 1062 2050 1092 fieri

407 1114 535 1145 debere.

513 1176 657 1206 XXIIII.
706 1176 757 1206 De
789 1177 951 1217 episcopis
982 1187 1069 1215 vero,
1102 1176 1300 1218 presbyteris
1330 1182 1361 1207 et
1392 1176 1581 1207 diaconibus
1614 1182 1644 1207 et
1676 1177 1841 1207 monachis
1873 1176 2051 1207 interfectis

406 1229 625 1270 quaerendum
651 1241 668 1259 a
694 1229 811 1259 domno
837 1229 1030 1271 imperatore
1056 1235 1114 1269 est,
1141 1230 1191 1260 0111
1217 1229 1300 1260 illius
1326 1229 1490 1260 homicidii
1516 1230 1660 1271 precium
1687 1229 1920 1260 exsolvendum
1945 1230 1994 1260 sit.

512 1300 620 1330 XXV.
668 1300 904 1330 Paenitentiam
930 1311 1026 1341 agere
1052 1301 1142 1331 iuxta
1167 1301 1331 1342 antiquam
1357 1311 1515 1331 canonum
1541 1301 1801 1331 constitutionem
1826 1301 1857 1331 in
1889 1300 2050 1342 plerisque
2071 1313 2096 1331 20

405 1353 483 1383 loeis
508 1352 547 1383 ab
574 1365 630 1383 usu
658 1353 800 1389 recessit,
826 1358 857 1383 et
881 1364 986 1394 neque
1013 1353 1315 1384 excommunicandi
1339 1364 1444 1395 neque
1470 1353 1701 1384 reconciliandi
1719 1354 1840 1395 antiqui
1859 1354 1954 1384 moris
1973 1353 2050 1384 ordo

405 1412 560 1436 servatur.
603 1406 646 1437 Ut
670 1417 687 1436 a
713 1405 829 1436 domno
855 1407 1049 1448 imperatore
1068 1407 1257 1448 impetretur
1274 1406 1478 1445 adiutorium,
1497 1406 1644 1448 qualiter,
1663 1407 1689 1437 si
1708 1407 1761 1449 qui
1779 1406 1908 1448 publice
1926 1412 2050 1448 peceat,

405 1459 535 1500 publica
560 1459 711 1490 multetur
735 1459 934 1501 paenitentia
963 1465 993 1490 et
1025 1460 1201 1490 secundum
1235 1460 1379 1490 ordinem
1414 1471 1574 1490 canonum
1608 1471 1664 1501 pro
1699 1460 1811 1491 merito
1846 1471 1902 1490 suo
1935 1464 1965 1490 et
1996 1470 2050 1490 ex-

405 1513 660 1543 communicetur
684 1517 715 1542 et
740 1512 974 1543 reconcilietur.

512 1583 636 1613 XXVI.
686 1582 871 1613 1)(11131111112
903 1583 943 1613 ad
975 1594 1032 1613 nos
1065 1589 1121 1621 est,
1155 1583 1241 1625 quod
1272 1584 1356 1614 inter
1386 1584 1522 1615 heredes
1555 1583 1692 1614 eclesiae
1724 1584 1757 1614 in
1787 1583 1883 1614 rebus
1914 1583 2051 1625 propriis
2072 1595 2096 1613 25

406 1637 597 1667 constitutae
623 1635 819 1673 dividantur,
846 1641 877 1666 et
901 1641 990 1667 tanta
1014 1648 1072 1678 per
1097 1636 1231 1668 eandem
1258 1637 1449 1667 divisionem
1471 1637 1615 1668 simultas
1633 1637 1762 1676 oriatur,
1781 1642 1815 1667 111
1831 1637 1925 1668 unius
1942 1636 2051 1667 altaris

405 1695 543 1731 quatuor
568 1694 675 1730 partes
700 1689 777 1719 fiant
803 1695 834 1719 et
851 1689 997 1730 singulae
1014 1694 1122 1731 partes
1140 1690 1283 1731 singulos
1300 1689 1441 1721 habeant
1457 1690 1681 1732 presbytcros3
1700 1690 1786 1732 quod
1803 1690 1871 1720 sinc
1890 1689 2051 1720 discordia

406 1748 437 1773 et
461 1742 621 1773 simultate
646 1741 732 1772 nullo
758 1741 851 1772 modo
876 1743 946 1783 geri
970 1748 1086 1784 potest.
1128 1742 1222 1773 Unde
1240 1743 1333 1774 nobis
1358 1744 1463 1774 visum
1488 1749 1545 1782 cst,
1565 1743 1651 1785 quod
1674 1742 1896 1774 huiuscemodi
1914 1742 2050 1773 eclesiae

405 1796 487 1826 inter
511 1795 647 1825 heredes
672 1794 773 1825 dividi
798 1807 861 1825 11011
887 1794 1037 1833 debcant⁷
1070 1801 1101 1826 et
1130 1797 1155 1825 si
1188 1796 1219 1826 in
1251 1797 1489 1827 contentionem
1520 1797 1668 1827 venerint
1699 1801 1730 1826 et
1761 1795 1938 1826 simultates
1969 1796 2052 1826 inter

406 1860 460 1879 eos
485 1849 694 1887 surrexerint,
720 1859 778 1889 per
803 1859 882 1890 quas
908 1848 1058 1879 sacerdos
1084 1860 1140 1879 suo
1167 1849 1210 1879 ibi
1236 1849 1342 1879 officio
1368 1850 1543 1880 canonicae
1569 1849 1659 1890 fungi
1691 1860 1754 1879 non
1786 1849 1896 1890 possit,
1927 1849 2050 1890 praeci·
2072 1860 2097 1878 ³0

405 1902 511 1943 piatur
536 1901 575 1931 ab
602 1902 753 1943 episcopo
781 1901 931 1940 civitatis,
956 1906 990 1932 ut
1014 1901 1100 1932 nullo
1126 1902 1220 1933 modo
1245 1901 1289 1932 ibi
1315 1903 1484 1933 missarum
1510 1902 1699 1944 sollempnia
1716 1901 1929 1941 celebrentur,
1947 1901 2049 1932 donec

405 1954 448 1985 illi
475 1954 516 1984 ad
542 1954 747 1985 (·one‹1›1·diam
772 1954 915 1994 redeant,
942 1960 973 1985 et
996 1956 1066 1996 pari
1091 1961 1165 1986 voto
1191 1961 1286 1997 atque
1313 1955 1446 1986 consilio
1472 1955 1588 1986 eclesia
1606 1955 1660 1986 illa
1677 1955 1876 1986 sacerdotem
1895 1955 2049 1986 canonice

405 2007 533 2041 babeat,
560 2008 613 2049 qui
638 2007 739 2038 libere
765 2019 855 2038 suum
882 2007 926 2038 ibi
951 2008 1163 2039 ministerium
1189 2019 1345 2050 par-agere
1371 2009 1480 2050 possit.

512 2161 581 2184 XXI.
613 2162 626 2184 2
648 2161 786 2192 accipiunt
809 2161 856 2185 ΓΙ,
931 2162 945 2183 3
966 2159 1093 2192 accipies]
1113 2162 1249 2192 accipient
1271 2161 1301 2184 X.
1377 2163 1391 2185 6
1412 2164 1567 2193 paupertate
1589 2161 1617 2184 N
1685 2162 1778 2192 paucis
1800 2161 1851 2183 ΙἸ.

512 2205 598 2229 XXII.
629 2208 642 2227 Η
665 2202 763 2235 XXII]
783 2205 881 2228 rnuaneri
900 2205 1066 2236 capitular-[1⁷12
1085 2205 1173 2229 abhinc
1192 2205 1281 2229 desunt
1302 2205 1352 2229 ΙἸ.
1411 2207 1442 2229 10
1463 2205 1621 2235 regulariter
1642 2205 1672 2229 N.
1731 2206 1761 2229 12
1776 2205 1862 2236 qualis
1883 2204 1914 2228 N.
1974 2206 2003 2229 13
2025 2209 2049 2228 01
2069 2212 2094 2230 35

406 2246 488 2279 liuta]
510 2253 538 2272 nt
559 2250 634 2272 iuxta
655 2249 686 2278 X,
708 2253 735 2273 nt
756 2250 828 2272 insta
850 2249 900 2272 ΓΙ.
977 2251 1007 2273 14
1028 2253 1056 2273 nt
1076 2247 1122 2279 ita]
1143 2249 1191 2273 tali
1212 2250 1267 2273 vita
1288 2249 1319 2273 N.

511 2294 616 2316 XXIII.
648 2295 678 2317 15
701 2301 833 2317 canonum
853 2293 917 2317 dees!
938 2293 970 2317 S.
1046 2295 1076 2317 1ss
1097 2294 1263 2317 daconoruln
1285 2294 1347 2317 ᾸΙΙ.

512 2337 593 2361 XXV.
623 2339 655 2361 20
677 2335 908 2368 constitutionem]
928 2339 1125 2361 institutionem
1147 2338 1179 2362 N.
1200 2338 1252 2361 ΓΙ.
1333 2335 1370 2367 in]
1393 2338 1426 2361 im
1449 2338 1501 2361 ῘἸ.
1582 2338 1614 2362 22
1634 2335 1802 2370 impetretur]
1823 2338 1968 2369 imperetur
1988 2337 2048 2361 MJ.

406 2382 437 2405 23
458 2389 505 2405 suo
527 2378 562 2411 et]
583 2390 632 2404 suo
654 2381 685 2405 X.
708 2382 758 2407 ΙἸ,

511 2425 609 2449 XXVI.
639 2426 672 2449 26
693 2423 864 2454 divisionem]
886 2427 1018 2450 visionem
1041 2426 1091 2450 ΓΙ.
1148 2427 1179 2450 27
1201 2427 1273 2457 quod
1292 2426 1357 2449 deest
1371 2425 1402 2449 N.
1426 2426 1479 2449 I'J.
1535 2427 1567 2449 29
1588 2422 1710 2456 heredes]
1723 2444 1728 2449 .
1740 2444 1745 2449 .
1758 2444 1763 2450 .
1778 2425 1825 2450 des
1838 2425 1875 2450 ita
1887 2426 1975 2457 incipi!
1988 2425 2049 2449 312.
2068 2433 2094 2450 10

405 2470 432 2493 in
452 2467 662 2498 contentionem]
686 2470 850 2493 intentiones
872 2470 902 2493 J!
911 2472 933 2493 2.
1026 2471 1059 2493 30
1078 2478 1157 2494 suum
1178 2471 1215 2493 ibi
1237 2470 1353 2493 osticium
1373 2470 1435 2493 Ma
1529 2470 1712 2501 precipiantur
1732 2469 1764 2494 N.
1855 2471 1886 2494 31
1912 2467 1949 2499 ut]
1972 2474 1997 2494 et
2018 2469 2049 2493 N.

406 2513 480 2537 nullo
501 2510 592 2543 modo]
612 2513 697 2536 nullus·
719 2513 747 2536 J]
758 2515 780 2537 2.
872 2513 1016 2538 sollemnia
1037 2514 1068 2537 N.
1090 2514 1142 2537 1'1.
1234 2511 1414 2544 celebrentur]
1438 2513 1625 2538 caelebrareut
1644 2514 1674 2538 JI
1683 2516 1707 2538 2.
1798 2515 1831 2538 32
1859 2518 1884 2538 et
1903 2513 1969 2538 deest
1987 2512 2019 2536 JI
2027 2517 2048 2537 2.

406 2558 437 2580 33
459 2565 537 2580 sunm
552 2570 584 2573 —
600 2555 786 2587 ministerium]
807 2558 841 2580 ibi
863 2566 940 2581 suum
961 2559 1136 2582 ministerium
1158 2558 1189 2587 N,
1210 2565 1286 2581 snum
1308 2558 1484 2582 ministerium
1504 2558 1540 2581 ibi
1563 2558 1615 2582 1'1.
1637 2558 1697 2582 ΜΞ,

516 2700 542 2733 1)
578 2700 625 2734 (J.
651 2710 739 2736 supra
760 2710 791 2736 11·
812 2700 848 2728 17
874 2700 1015 2727 concilium
1043 2700 1198 2727 Romanam
1224 2701 1281 2728 743
1306 2710 1328 2727 c.
1348 2701 1382 2729 11
1408 2705 1432 2727 et
1455 2710 1527 2737 quae
1551 2700 1586 2727 ibi
1609 2704 1746 2728 annotata
1769 2705 1841 2728 sunt.
1942 2700 1971 2726 21
2000 2701 2047 2735 Qf.

407 2754 492 2785 Stuts,
518 2754 535 2779 l.
554 2754 571 2779 l.
600 2754 621 2783 I,
646 2755 705 2781 224
731 2754 856 2782 anm-10
882 2757 906 2779 rt
924 2763 955 2790 p.
973 2754 1050 2783 271,-
1083 2764 1105 2781 Γ.
1132 2753 1212 2780 etiam
1238 2753 1334 2780 concil.
1362 2753 1489 2791 Alnyzmt.
1514 2755 1576 2782 852
1601 2764 1623 2780 c.
1641 2755 1669 2787 5,
1696 2752 1768 2781 ssIG.
1796 2752 1887 2790 Capit.
1914 2753 1951 2784 II,
1978 2755 2046 2782 186.
2068 2764 2093 2783 45
