2242 3085
134 682 159 701 10

134 950 157 968 15

133 1216 159 1235 20

134 1483 159 1501 25

136 1749 161 1768 80

137 2080 162 2099 85

134 2302 160 2320 40

134 2523 159 2541 45

133 2744 159 2762 50

602 97 652 124 39.
689 97 905 124 CONCILIUM
930 97 1257 128 AQUISGRANENSE
1282 99 1319 126 Α.
1341 98 1413 125 816.

182 196 269 222 Sich.
289 195 387 229 Arm]
410 191 558 221 ferretur.
600 190 806 232 Quapropter
829 189 976 221 volumus

180 250 276 286 atque
301 244 515 283 decernimus,
541 248 574 275 ut
597 244 690 274 iuxta
708 242 976 285 metropolitanae

180 297 265 328 sedis
301 297 361 328 tibi
396 297 552 328 canonice
590 297 749 328 conlatam
786 297 976 338 dignitatem

178 356 372 392 nostraeque
404 351 605 381 auctoritatis
637 350 837 381 sanctionem
869 349 975 380 dioce-

179 415 250 434 seos
280 409 355 434 tuae
388 404 556 445 episcopos
588 408 620 434 et
648 411 771 434 ceteros
796 402 975 433 aecclesiae

178 456 338 498 praelatos
362 462 506 498 tempore
532 461 563 487 et
587 456 656 487 loco
679 456 869 497 congruenti
887 455 928 486 ad
945 460 975 486 te

179 510 338 541 accersire
370 509 471 540 facias
502 514 534 540 et
563 509 612 540 his
642 521 749 540 coram
775 508 975 550 capitulatim

177 568 387 594 memoratam
412 563 620 593 institutionis
642 562 813 593 formulam
831 561 975 603 praelegi

177 615 290 647 iubeas
308 622 347 655 et,
374 616 460 658 quod
477 615 518 646 ob
536 615 743 646 exaltandum
762 615 974 646 ecclesiastici

178 669 325 700 culminis
362 670 525 711 fastigium
562 674 592 699 et
627 669 807 699 animarum
839 668 974 698 salutem

176 723 263 753 idem
287 734 380 754 sacer
396 727 573 754 conventus
591 733 662 752 eam
680 721 827 761 ediderit,
853 721 974 763 liquido

178 775 387 815 demonstres,
413 775 470 806 sed
495 780 526 806 et
550 775 609 813 his,
635 775 739 816 quiin
756 786 819 805 uno
838 774 973 816 collegio

178 830 333 860 canonice
345 829 475 870 degunt,
487 828 661 859 tenendam
673 827 973 870 observandamque

177 894 286 913 eoram
321 886 497 913 memorato
533 882 630 912 misso
666 886 775 912 nostro
816 882 973 912 conferas.

176 936 220 966 At
244 936 271 965 si
295 935 431 966 alieuius
456 934 563 965 cordis
588 934 737 965 obtunsio
763 946 834 965 eam
859 934 973 965 intelli-

177 1000 252 1030 gere
276 988 470 1030 nequiverit,
502 988 577 1019 huic
610 988 677 1018 sive
703 987 760 1018 abs
785 993 816 1018 te
841 988 908 1018 sive
934 987 974 1018 ab

178 1041 248 1072 aliis
289 1042 459 1083 episeopis,
501 1041 817 1083 conprovincialibus
853 1041 977 1072 scilicet

177 1096 249 1133 tuis,
282 1094 447 1125 doctrinae
476 1094 600 1135 fulgore
632 1093 837 1134 enitentibus,
870 1094 976 1125 sobrie

177 1148 332 1179 tradatur.
359 1148 424 1179 Sed
442 1153 473 1178 et
490 1148 522 1178 in
540 1148 600 1178 boc
617 1147 824 1178 nibilominus
843 1148 976 1178 circum-

179 1207 322 1243 spectam
347 1212 514 1232 monemus
547 1212 616 1231 esse
649 1206 736 1232 tuam
761 1201 975 1242 prudentiam,

178 1260 213 1285 ut
237 1254 277 1285 ab
302 1254 360 1293 his,
387 1255 441 1296 qui
467 1266 537 1285 eam
562 1255 786 1296 transcripturi
817 1260 899 1290 suut,
932 1255 977 1285 ita

179 1307 421 1347 transcribatur,
447 1313 481 1338 ut
504 1319 565 1338 nec
586 1307 764 1349 depravata
780 1308 858 1338 vitio
877 1308 975 1349 scrip-

178 1361 254 1391 toris
285 1372 345 1391 nce
379 1361 570 1392 detruncata
601 1360 641 1391 ab
673 1361 780 1402 aliquo
810 1361 875 1400 fiat,
909 1361 974 1400 sed,

179 1415 261 1445 sieut
285 1425 305 1445 a
327 1414 495 1456 praedicto
521 1414 617 1445 misso
642 1419 750 1445 nostro
776 1415 821 1444 eis
847 1414 976 1445 demon-

179 1472 312 1498 stratum
337 1467 443 1510 suerit,
470 1467 592 1509 absque
618 1467 727 1509 aliqua
745 1467 975 1509 depravatione

178 1520 230 1551 vel
262 1520 507 1551 detruncatione
540 1520 783 1551 transcribatur.
839 1521 976 1551 Noveris

179 1575 290 1613 etiam,
328 1574 404 1616 quia
439 1574 512 1605 ideo
548 1574 632 1604 illius
669 1574 853 1615 exemplum
890 1574 1004 1616 apud*

179 1628 353 1658 armarium
385 1627 497 1669 palatii
522 1628 622 1658 nostri
654 1627 819 1658 detentum
851 1633 908 1667 est,
943 1633 977 1658 ut

180 1692 216 1711 00
248 1679 379 1722 probari
410 1686 558 1722 patenter
588 1681 699 1722 possit,
732 1681 803 1722 quis
835 1692 906 1711 eam
931 1681 976 1711 in·
1004 1721 1005 1724 Ἴ

179 1734 305 1764 curiose
329 1734 570 1775 transcripserit
593 1733 644 1764 vel
662 1734 733 1775 quis
751 1734 890 1775 aliquam
909 1735 976 1764 eius

179 1792 305 1828 partem
331 1786 580 1818 detruncaverit.

225 1942 239 1964 3
260 1941 331 1964 sedis
353 1953 387 1956 h
408 1938 554 1971 conlatam]
585 1941 726 1964 scdhistibi
757 1941 881 1964 canonici
912 1949 974 1964 eon-

181 1984 261 2008 latum
282 1984 310 2009 S.
396 1994 409 2007 0
419 1994 433 2008 a
443 1994 484 2009 110
494 1986 575 2009 nica
584 1993 597 2009 e
620 1985 650 2008 ,1.
734 1986 747 2008 4
769 1985 927 2009 dioeceseos
949 1986 976 2009 N.

182 2030 196 2053 5
217 2030 344 2060 episcopo
366 2030 393 2053 S.
453 2033 621 2053 caeteros
642 2029 674 2053 A.
738 2029 923 2053 eeclesiae
944 2030 976 2053 A.

182 2074 195 2097 7
223 2074 355 2097 accersire
384 2082 412 2097 w:
440 2074 558 2097 111-005110.
587 2083 649 2097 corr.
677 2075 705 2101 N,
736 2082 793 2097 are
804 2082 817 2097 e
827 2082 858 2097 rs
868 2075 875 2098 i
885 2083 896 2097 r
906 2083 918 2098 ε·
945 2075 976 2098 ,1.

182 2118 196 2141 S
224 2126 271 2141 1110
280 2126 304 2141 111
314 2126 328 2141 0
339 2126 350 2141 r
359 2122 416 2142 ata
425 2127 436 2142 5
456 2131 490 2134 Α
509 2118 542 2141 fo
552 2127 564 2141 1·
573 2127 596 2142 m
606 2118 664 2142 ula
673 2127 684 2141 s
711 2119 743 2142 A.
824 2116 976 2149 formulam]

180 2162 291 2185 formam
306 2161 333 2191 S,
354 2162 508 2187 formula
517 2171 528 2187 s
548 2163 581 2187 A.
637 2161 767 2195 praelegi]
786 2172 801 2194 p
812 2172 824 2187 e
835 2163 861 2186 rl
873 2172 885 2187 0
896 2164 929 2194 gi
945 2164 977 2186 11.

180 2208 194 2229 9
215 2206 430 2230 ecclesiasticum
451 2206 479 2231 S.
556 2209 583 2231 11
607 2204 675 2238 eam]
697 2216 755 2231 eas
777 2208 808 2231 A.

179 2251 295 2274 nendam
315 2249 575 2283 observandamque]
596 2252 631 2276 ita
650 2252 723 2276 eliam¹
745 2252 776 2275 il.

179 2292 260 2325 feras]
290 2303 508 2326 percenseas
539 2296 570 2319 A.
665 2297 695 2319 15
725 2294 851 2326 alicuius]
881 2296 915 2319 [[(ι
947 2296 976 2322 ,1,

180 2340 256 2363 cuins
278 2340 305 2363 S.

178 2384 276 2407 tibus
297 2384 329 2407 A.
388 2385 418 2407 19
439 2381 567 2415 tradatur]
587 2385 623 2408 ita
642 2385 715 2409 eliam
730 2385 761 2408 A.
824 2386 850 2408 in
870 2385 934 2408 dress
950 2386 976 2408 Ν.

179 2429 208 2452 21
233 2426 270 2458 ut]
290 2428 326 2451 im
341 2428 372 2456 A,
392 2428 457 2451 deest
477 2428 504 2452 S.

178 2473 231 2496 turi
248 2472 275 2495 S.

179 2516 326 2547 depravata
336 2530 370 2532 —
381 2517 542 2541 detruncata
553 2529 585 2532 —
597 2515 652 2548 flat]
663 2518 698 2542 ica
708 2518 782 2542 etiam
794 2518 825 2542 A.

553 2563 585 2585 24
607 2570 622 2585 a
641 2561 705 2585 ‹leext
725 2563 757 2586 ,1.

178 2602 321 2636 scribatur]
353 2606 582 2630 Str-‘inscribantur
609 2606 640 2634 S,

562 2426 630 2459 earn]
652 2438 664 2453 e
675 2438 690 2453 a
699 2438 710 2452 s
730 2430 762 2453 ⁴1.
819 2431 976 2461 transscrip-

344 2474 376 2496 22
391 2473 601 2497 transscribatur
615 2474 643 2502 S,
658 2477 748 2498 trans
757 2475 871 2497 criban
880 2477 931 2497 tur
944 2474 977 2498 A.

885 2519 916 2542 23
929 2518 976 2542 ali-

180 2558 241 2592 quo]
262 2561 296 2583 ita
311 2561 342 2589 ,1,
368 2560 420 2584 alio
443 2561 470 2584 S.

677 2608 978 2631 transcribantur

177 2658 239 2673 corr.
260 2652 359 2673 trans
370 2650 446 2673 crib
456 2653 513 2673 atu
524 2659 534 2673 r
548 2650 581 2673 A.

178 2703 193 2726 p
206 2694 210 2717 l
222 2702 236 2717 a
246 2702 257 2717 1·
280 2695 310 2717 ,1.
372 2695 404 2718 29
426 2691 494 2725 cani]
516 2695 594 2718 etiam
616 2694 644 2721 S,
666 2703 679 2718 e
689 2704 704 2718 a
713 2703 724 2718 s
748 2695 778 2718 :l-

178 2739 317 2770 scripserit
337 2738 365 2764 S.

888 2209 918 2231 13
940 2211 976 2231 te-
1005 2219 1006 2227 1

862 2253 891 2275 14
913 2260 975 2275 0011-
1005 2253 1006 2278 ᾗ

364 2340 394 2363 18
416 2337 589 2371 enitentibus]
609 2341 788 2365 renitentibus
810 2340 837 2368 S,
859 2341 976 2364 niten-
1005 2366 1006 2370 Ἰ

840 2563 872 2586 26
893 2565 976 2586 trans-
1005 2567 1006 2572 ¹

638 2651 669 2674 2?
686 2648 847 2682 exemplum]
863 2660 876 2674 0
886 2660 900 2675 x
911 2660 975 2675 0111-
1005 2648 1006 2660 ¹

841 2697 873 2718 30
893 2699 976 2719 trans-
1004 2712 1005 2732 3

1766 97 1830 127 459

1033 195 1164 228 Mamm]
1192 203 1263 222 scos
1294 191 1364 222 loco
1397 197 1429 223 et
1459 197 1603 234 tempore
1635 193 1829 234 competenti

1033 243 1074 274 ad
1098 249 1129 274 te
1155 255 1334 275 convocare
1356 245 1486 275 studeas
1504 250 1535 275 et
1552 245 1687 276 eandem
1705 246 1829 276 institu-

1031 297 1152 327 tionem
1184 309 1241 338 per
1272 297 1399 339 singula
1427 298 1569 339 capitula
1594 309 1702 329 eoram
1727 298 1829 329 ecele-

1032 350 1170 380 siasticis
1203 350 1369 381 ordinibus
1400 350 1522 392 perlegi
1548 351 1648 382 facias
1678 356 1718 390 et,
1753 363 1829 393 qua-

1032 402 1104 433 liter
1129 414 1199 433 eam
1218 415 1309 434 sacer
1327 409 1503 434 conventus
1522 403 1561 434 ob
1580 404 1829 435 emolumentum

1032 456 1211 486 animarum
1248 457 1406 487 instruere
1443 456 1614 487 salubriter
1657 458 1828 497 curaverit,

1032 514 1180 550 patenter
1215 509 1353 540 edoceas
1390 515 1421 540 ct
1456 510 1520 549 liis,
1562 511 1615 551 qui
1652 511 1828 541 canonicae

1032 561 1240 603 professionis
1273 568 1445 593 censentur
1475 563 1614 601 nomine,
1652 563 1829 594 secundum

1031 615 1244 645 ministerium
1255 614 1313 645 tibi
1325 615 1478 646 divinitus
1491 616 1640 646 collatum
1656 622 1686 647 et
1700 623 1828 647 nostrae

1031 668 1231 698 auctoritatis
1262 674 1472 710 praeceptum
1505 680 1613 699 coram
1646 671 1828 700 memoratis

1031 721 1137 751 missis
1176 722 1293 752 nostris
1340 721 1576 752 observandam
1623 734 1828 763 percenseas.

1031 774 1153 805 Eorum
1185 780 1302 814 autem,
1335 775 1389 816 qui
1420 775 1570 805 tardioris
1603 780 1676 806 sunt
1706 776 1829 815 ingenii

1031 832 1063 858 et
1093 839 1163 859 emn
1195 828 1276 858 forte
1309 828 1402 869 plene
1439 828 1617 869 intelligere
1654 835 1827 870 nequeunt,

1030 886 1084 911 tuo
1110 882 1178 911 sive
1204 881 1524 923 0011111101111101111111111
1550 887 1676 912 tuorum
1706 882 1828 923 episco-

1031 946 1154 976 porum,
1167 935 1249 965 dono
1265 935 1419 965 scientiae
1433 935 1631 976 p‹1›llentiuin,
1644 934 1747 965 studio
1761 935 1829 965 eius

1031 988 1146 1018 notitia
1167 987 1314 1018 sensibus
1332 988 1554 1030 perfundatur.
1592 988 1675 1019 Nam
1693 993 1724 1018 et
1742 993 1829 1018 tuam

1032 1040 1237 1071 nibilominus
1262 1041 1431 1082 providam
1456 1041 1603 1072 volumus
1633 1053 1702 1071 esse
1728 1041 1828 1072 beati-

1033 1094 1191 1134 tudinem,
1232 1099 1267 1125 ut
1306 1106 1376 1125 cam
1416 1094 1525 1125 solerti
1562 1106 1638 1125 cura
1671 1094 1829 1136 praedicti

1032 1148 1121 1177 missi
1160 1148 1261 1178 nostri
1301 1159 1427 1187 01111105,
1471 1153 1564 1189 prout
1603 1149 1828 1187 insinuaveris,

1032 1200 1249 1231 transcribere
1281 1200 1402 1242 absque
1434 1201 1499 1231 nlla
1535 1201 1765 1242 depravatione
1799 1206 1830 1231 et

1033 1253 1276 1285 detruncatione
1294 1260 1537 1296 praemoneant,
1564 1255 1726 1296 quoniam,
1753 1265 1829 1296 qua-

1031 1307 1104 1338 liter
1140 1307 1312 1348 diligenter
1347 1307 1571 1349 studioseque,
1612 1307 1762 1338 distincte
1799 1313 1830 1338 ct

1033 1365 1143 1402 aperte
1169 1360 1411 1399 transcribatur,
1437 1361 1506 1391 illos
1529 1361 1605 1391 satis
1623 1361 1828 1391 instituimus.

1033 1413 1133 1445 Cuius
1158 1425 1273 1456 nempe
1301 1414 1467 1456 exemplar
1489 1414 1611 1445 idcireo
1634 1415 1666 1444 111
1691 1414 1828 1444 armario

1032 1467 1143 1509 palatii
1168 1468 1268 1498 nostri
1294 1467 1427 1498 recondi
1451 1467 1596 1506 fecimus,
1630 1473 1662 1497 ut
1687 1478 1745 1508 per
1770 1467 1829 1497 boc

1032 1532 1126 1551 nosse
1152 1526 1183 1551 et
1207 1521 1370 1562 inquirere
1399 1532 1576 1562 possemus,
1608 1526 1755 1551 utrumne
1789 1519 1829 1550 ab

1033 1573 1140 1615 aliquo
1165 1574 1367 1615 negligenter
1392 1575 1585 1615 transcripta
1611 1574 1717 1613 fuerit,
1743 1574 1828 1615 quia,

1077 1942 1089 1964 -l
1117 1938 1230 1973 perlegi]
1251 1940 1371 1972 praelegi
1394 1941 1454 1964 Δ112.
1520 1943 1550 1963 lv>
1571 1938 1653 1970 tuam]
1676 1941 1745 1964 viam
1767 1941 1797 1963 ill
1807 1943 1830 1970 Ι,

1031 1985 1072 2008 ubi
1092 1985 1117 2008 in
1138 1994 1214 2016 may-ss.
1235 1985 1324 2016 lcjst'tm·
1343 1989 1425 2009 tuam.
