2242 3085
408 143 469 172 lSS
810 144 860 169 21.
898 142 1113 169 ('(.)NCILIUM
1140 142 1427 169 FOROIULIENSE
1453 142 1488 168 A.
1511 138 1664 179 79611'797.

406 238 481 269 filio.
520 237 563 267 Et
587 237 708 267 idcirco
734 234 962 277 inseparabilia
986 241 1059 265 sunt
1084 246 1211 276 semper
1235 246 1334 277 opera
1353 235 1513 271 trinitatis,
1540 240 1570 265 et
1594 234 1672 264 nihil
1697 240 1746 265 est
1769 234 1802 264 111
1827 239 1939 265 saneta
1961 235 2050 265 trini-

406 296 471 321 tate
497 290 661 321 diversum
694 288 816 330 aliquid
848 294 902 319 aut
934 287 1087 318 dissimile
1120 288 1171 319 vel
1196 287 1376 330 inaequale,
1408 299 1472 318 non
1497 287 1635 318 divisum
1660 286 1856 326 naturaliter,
1887 299 1951 318 non
1976 299 2051 318 eon-

406 344 513 374 fusum
538 342 759 385 personaliter,
783 341 863 372 nihil
888 341 990 371 maius
1015 347 1070 372 aut
1093 342 1208 372 minus.
1255 341 1329 372 Non
1353 341 1503 380 anterior,
1528 351 1591 371 non
1615 340 1784 381 posterior,
1815 351 1878 370 non
1909 340 2049 380 inferior,

407 408 470 426 non
496 395 650 437 superior,
683 394 739 425 sed
771 406 834 425 una
859 400 890 424 et
914 394 1058 435 aequalis
1084 399 1235 436 potestas,
1261 405 1319 435 par
1343 393 1454 434 gloria,
1487 393 1680 434 sempiterna
1712 398 1743 423 et
1774 398 1945 423 coaeterna
1977 404 2050 424 con-

408 448 692 490 substantialisque
718 448 879 478 maiestas.
927 447 1034 477 Unum
1067 458 1205 488 namque
1237 451 1310 476 sunt
1342 446 1554 477 essentialiter
1579 451 1670 487 pater
1694 451 1726 476 et
1748 445 1832 476 filius
1857 451 1888 476 et
1912 446 2050 487 Spiritus

408 507 549 532 sanetus.
596 501 639 532 Et
669 500 790 531 idcireo
815 512 896 531 unus
922 505 969 531 est
992 500 1100 539 Deus,
1133 499 1190 529 sed
1221 493 1285 529 non
1314 510 1396 529 unus
1428 504 1559 540 propter
1589 510 1799 540 personarum
1824 498 2050 529 discretionem

408 561 499 596 pater
524 560 555 585 et
579 554 662 585 filius
688 559 719 584 et
736 554 874 595 Spiritus
899 558 1039 584 sanetus.
1074 552 1179 582 Verus
1204 552 1289 582 0111111
1314 557 1406 593 pater
1428 552 1558 593 proprie
1583 557 1674 593 pater
1698 557 1746 582 est
1765 557 1797 582 et
1812 562 1876 582 non
1893 557 1941 582 est
1955 552 2049 583 filius.

409 608 451 638 Et
481 619 576 638 verus
607 607 690 638 filius
723 607 852 648 proprie
883 606 965 636 filius
997 611 1046 636 est
1077 611 1108 635 et
1139 617 1203 635 non
1232 610 1279 635 est
1303 610 1404 645 pater.
1453 604 1590 646 Spiritus
1616 616 1743 646 quoque
1769 610 1897 635 sanctus
1922 606 2050 647 proprie

408 661 539 702 spiritus
565 666 613 691 est
637 666 668 690 et
692 672 756 691 non
782 665 830 690 est
854 658 1068 701 personaliter
1091 664 1184 699 pater
1206 657 1258 688 vel
1282 657 1375 695 filius,
1401 657 1457 688 sed
1483 668 1524 688 ex
1549 663 1683 699 utroque
1709 657 1870 699 procedit,
1896 663 1927 688 et
1943 663 2050 688 tamen

407 725 471 744 non
496 719 570 744 sunt
593 719 657 744 tres
682 713 736 752 dii,
762 712 818 743 sed
843 724 924 743 unus
949 717 997 741 est
1021 711 1122 742 Deus.
1169 711 1212 741 Et
1242 711 1274 740 in
1306 709 1366 741 hac
1398 716 1510 741 sancta
1533 711 1674 741 trinitate
1699 710 1807 747 nichil,
1840 710 1926 752 quod
1957 710 2049 750 absit,

408 767 530 809 aliquid
555 766 731 808 putandum
764 772 812 796 est
843 764 980 800 visibile,
1013 763 1191 805 corporale,
1223 762 1386 805 palpabile
1417 763 1469 794 vel
1500 763 1789 805 conprehensibile.
1840 764 2051 805 Omnipotens

409 831 547 861 namque
580 825 692 850 sancta
723 819 860 855 trinitas,
895 817 1075 855 invisibilis,
1108 816 1329 858 incorporalis,
1362 815 1577 858 impalpabilis,
1613 816 1968 858 inconpraehensibilis,
2005 817 2050 847 in-

409 873 663 914 circumscripta,
697 872 831 904 infinita,
865 871 1011 901 inmensa
1042 875 1073 900 et
1103 870 1307 911 sempiterna,
1339 870 1447 900 onmia
1477 875 1555 900 nutu
1587 875 1618 900 et
1642 870 1776 911 imperio
1801 881 1857 901 suo
1882 869 2050 911 gubernat.

408 926 492 957 Nam
518 926 577 956 etsi
602 926 719 966 legitur
743 924 853 955 oculus
871 923 1002 954 Domini
1027 922 1079 953 vel
1103 922 1271 953 brachium
1296 923 1364 953 sive
1389 922 1524 953 dextera
1548 928 1579 953 et
1604 928 1722 962 cetera,
1747 934 1811 953 non
1835 922 2051 954 membrorum

408 979 599 1020 positionem
625 978 675 1008 vel
700 977 815 1008 molem
841 976 994 1018 corporis,
1027 975 1083 1006 sed
1109 975 1257 1006 effectum
1282 987 1405 1006 summe
1430 982 1461 1006 et
1485 975 1709 1006 inenarrabilis
1734 975 1863 1006 divinae
1888 977 2050 1018 potentiae

409 1033 535 1073 integra
559 1037 645 1061 reete
671 1031 745 1061 fidoi
772 1029 962 1060 credulitate
987 1028 1144 1059 debemus
1168 1028 1365 1070 intellegere.
1413 1028 1496 1059 Nam
1529 1029 1603 1070 quia
1633 1029 1740 1059 onmia
1770 1029 1859 1059 videt
1890 1034 1920 1060 et
1944 1030 2051 1060 omnia

408 1090 557 1127 penetrat
582 1090 612 1115 et
637 1089 753 1114 cuncta
777 1082 865 1113 nuda
890 1088 921 1113 et
945 1087 1057 1123 aperta
1081 1087 1155 1112 sunt
1179 1087 1253 1112 ante
1272 1092 1354 1120 eum,
1381 1081 1489 1112 oculos
1508 1081 1627 1112 habere
1648 1081 1780 1121 dicitur,
1807 1082 1882 1124 quia
1899 1094 1975 1113 vero
1992 1094 2050 1113 nos

409 1150 467 1168 sua
484 1138 601 1168 virtute
627 1137 758 1172 creavit,
784 1136 876 1177 regit,
901 1135 1041 1177 protegit
1059 1140 1090 1165 et
1107 1134 1261 1173 defendit,
1288 1134 1455 1165 brachium
1472 1134 1524 1165 vel
1541 1134 1709 1165 dexteram
1726 1134 1844 1166 habere
1865 1135 2052 1177 perhibetur

409 1196 440 1221 et
471 1191 519 1221 his
544 1190 670 1220 similia.
718 1190 769 1220 De
794 1189 854 1219 hac
880 1194 987 1219 autem
1013 1187 1168 1219 ineffabili
1193 1188 1334 1218 trinitate
1360 1187 1428 1218 sola
1451 1187 1543 1218 verbi
1567 1188 1631 1218 Dei
1656 1199 1803 1229 persona,
1828 1188 1861 1219 id
1886 1194 1934 1219 est
1957 1188 2050 1227 filius,

408 1244 439 1274 in
465 1243 584 1274 ultimis
609 1242 723 1273 diebus
749 1247 880 1284 propter
903 1253 960 1272 nos
986 1247 1017 1271 et
1041 1246 1171 1283 propter
1195 1246 1337 1271 nostram
1362 1241 1496 1271 salutem
1519 1240 1695 1271 secundum
1713 1241 1911 1282 propositum
1928 1247 2051 1272 secrete

408 1297 658 1338 dispensationis
690 1295 856 1326 arbitrium
890 1294 1058 1325 descendit
1089 1294 1128 1325 de
1162 1294 1270 1333 caelis,
1302 1293 1387 1325 unde
1418 1305 1594 1335 numquam
1626 1300 1814 1324 recesserat.
1862 1294 2052 1325 Incarnatus

409 1355 457 1380 est
482 1349 521 1380 de
543 1350 663 1391 Spiritu
690 1354 800 1379 sancto
827 1353 858 1378 et
889 1359 1017 1389 semper
1041 1348 1166 1388 virgine
1192 1347 1306 1385 Maria,
1332 1358 1428 1377 verus
1452 1346 1547 1377 homo
1572 1346 1676 1377 faetus
1700 1358 1860 1388 verusque
1886 1354 2053 1389 permanet

408 1403 509 1433 Deus.
546 1403 614 1433 Nec
640 1402 742 1433 obfuit
766 1401 906 1432 humana
931 1406 961 1431 01
985 1400 1170 1442 temporalis
1195 1401 1347 1430 nativitas
1373 1399 1502 1430 divinae
1528 1399 1572 1430 illi
1598 1405 1628 1430 et
1653 1400 1856 1442 intemporali
1881 1401 2051 1440 nativitati,

408 1456 465 1486 sed
490 1457 521 1486 111
547 1467 610 1486 una
635 1455 754 1486 Christi
780 1455 854 1485 Iesu
878 1465 1016 1496 persona
1040 1465 1136 1484 verus
1161 1453 1225 1484 Dei
1250 1464 1411 1494 verusque
1437 1453 1573 1483 hominis
1598 1453 1691 1489 filius,
1723 1464 1786 1484 non
1811 1453 1891 1484 alter
1914 1454 2052 1484 hominis

408 1509 502 1548 filius,
535 1509 615 1539 alter
640 1509 712 1545 Dei,
745 1508 802 1538 sed
834 1519 915 1538 unus
940 1507 1089 1549 idemque
1114 1507 1178 1537 Dei
1203 1507 1406 1547 hominisque
1430 1506 1523 1542 filius,
1556 1507 1587 1536 in
1620 1513 1754 1548 utraque
1785 1514 1909 1545 natura,
1942 1507 2052 1538 divina

409 1562 533 1593 scilicet
558 1568 589 1592 et
614 1562 764 1598 humana,
790 1561 880 1591 Deus
905 1572 1001 1591 verus
1034 1566 1065 1591 01
1095 1560 1190 1591 1101110
1215 1571 1320 1597 verus,
1353 1571 1417 1590 non
1447 1560 1611 1601 putativus
1637 1559 1701 1590 Dei
1732 1560 1825 1600 filius,
1858 1560 1914 1590 sed
1945 1571 2050 1598 verus,

408 1626 472 1646 11011
497 1615 679 1656 adoptivus,
712 1614 766 1645 sed
793 1614 950 1656 111-01111113,
984 1614 1060 1655 quia
1088 1625 1264 1655 numquam
1295 1613 1355 1643 fuit
1378 1618 1509 1654 propter
1534 1613 1704 1646 hominem.
1737 1624 1832 1655 quem
1864 1613 2051 1655 adsumpsit,

409 1680 428 1700 a
452 1674 543 1710 patre
569 1668 700 1698 alienus.
750 1667 843 1698 Solus
876 1668 960 1697 enim
993 1667 1060 1697 sine
1090 1672 1224 1708 peccato
1256 1671 1348 1697 natus
1374 1671 1423 1696 est
1447 1666 1550 1705 homo,
1584 1666 1735 1708 quoniam
1767 1666 1852 1696 solus
1877 1672 1924 1697 est
1949 1667 2051 1697 incar-

408 1727 502 1752 natus
528 1721 566 1752 de
593 1721 714 1763 Spiritu
739 1726 850 1751 saneto
876 1726 907 1751 et
932 1720 1126 1750 inmaculata
1150 1720 1275 1761 virgine
1300 1731 1403 1750 novus
1427 1719 1531 1750 homo.
1569 1719 1859 1750 Consubstantialis
1876 1719 1947 1750 Deo
1968 1720 2051 1761 patri

409 1776 441 1805 111
467 1786 534 1813 sua,
561 1774 592 1805 id
618 1781 665 1804 est
690 1774 809 1812 divina,
836 1773 1119 1804 consubstantialis
1145 1773 1241 1803 etiam
1266 1773 1358 1803 matri
1384 1773 1452 1803 sine
1478 1772 1571 1803 sorde
1597 1773 1723 1814 peccati
1748 1773 1780 1803 111
1804 1777 1922 1806 nostra.
1947 1773 1980 1803 id
2005 1778 2051 1803 est

410 1828 559 1867 humana,
593 1834 624 1858 et
654 1827 726 1857 ideo
757 1828 790 1857 in
822 1833 957 1868 utraque
983 1833 1097 1856 natura
1122 1826 1285 1867 proprium
1311 1837 1384 1856 011111
1410 1831 1441 1856 01
1464 1837 1527 1856 11011
1553 1825 1741 1867 adoptivum
1766 1826 1829 1856 Dei
1854 1825 1952 1856 filium
1978 1837 2051 1856 con-

409 1881 546 1919 fitemur,
573 1882 647 1922 quia
672 1879 943 1910 inconfusibiliter
967 1885 998 1910 et
1024 1878 1282 1920 inseparabiliter
1306 1878 1475 1920 adsumpto
1500 1878 1628 1909 homine
1654 1890 1735 1909 unus
1755 1878 1905 1920 idemque
1924 1884 1972 1909 est
1988 1879 2050 1909 Dei

409 1940 442 1965 et
465 1934 603 1964 hominis
628 1933 720 1963 filius.
769 1932 967 1963 Naturaliter
990 1933 1074 1974 patri
1099 1932 1277 1963 secundum
1302 1931 1514 1971 divinitatem,
1546 1931 1734 1962 naturaliter
1756 1932 1850 1962 matri
1875 1931 2051 1962 secundum

410 1987 652 2024 humanitatem,
682 1987 831 2027 proprius
862 1992 970 2016 tamen
1001 1986 1084 2027 patri
1115 1986 1147 2015 in
1172 1990 1317 2026 utroque,
1350 1985 1512 2026 quoniam,
1544 1985 1625 2015 sicut
1656 1984 1777 2015 dietum
1803 1990 1859 2020 est,
1891 1996 1954 2015 11011
1979 1990 2051 2015 sunt

410 2040 473 2071 duo
498 2040 565 2079 filii,
591 2039 672 2070 alter
690 2040 763 2075 Dei,
789 2039 869 2069 alter
893 2039 1039 2071 hominis.
1066 2038 1123 2068 sed
1148 2050 1228 2069 unus
1246 2037 1392 2069 Christus
1409 2038 1500 2068 Iesus
1525 2044 1656 2079 propter
1679 2049 1775 2068 unam
1801 2049 1971 2079 personam
1990 2038 2050 2068 Dei

411 2098 442 2123 et
466 2093 603 2123 hominis
628 2092 721 2125 filius,
748 2093 838 2123 Deus
864 2103 959 2122 verus
985 2097 1015 2122 ot
1040 2092 1134 2122 homo
1160 2102 1265 2129 verus,
1296 2091 1329 2121 in
1361 2091 1468 2121 anima
1492 2090 1638 2121 rationali
1665 2096 1696 2121 01
1720 2102 1797 2121 vera
1822 2102 1928 2122 carne.
1977 2091 2050 2121 Per-

411 2146 514 2176 fectus
546 2145 639 2176 homo
672 2145 847 2176 secundum
881 2145 1121 2182 immanitatem,
1155 2144 1316 2186 perfectus
1349 2145 1438 2174 Deus
1470 2143 1646 2174 secundum
1679 2144 1895 2179 divinitatem,
1933 2144 1986 2185 qui
2018 2145 2050 2174 in

411 2199 523 2229 eadem
550 2205 673 2237 natura,
699 2198 731 2229 id
757 2204 805 2229 est
830 2198 979 2233 humana,
1005 2209 1100 2239 quam
1127 2198 1262 2238 sumpsit
1286 2209 1327 2227 ex
1353 2197 1488 2238 virgine,
1514 2196 1669 2227 humanas
1694 2196 1824 2238 pertulit
1840 2196 2049 2228 infirmitates.

411 2263 473 2282 11011
499 2252 704 2292 fragilitatem
730 2251 897 2293 peccandi,
930 2251 986 2281 sed
1018 2252 1049 2280 111
1082 2250 1195 2281 eadem
1227 2250 1377 2291 dignatus
1410 2255 1457 2280 est
1488 2261 1634 2280 crescere
1667 2261 1724 2291 per
1752 2250 1948 2280 incrementa
1974 2255 2050 2280 tem-

411 2305 507 2346 poris,
533 2305 664 2341 esurire,
691 2305 788 2343 sitire,
814 2304 953 2345 fatigari,
980 2303 1189 2334 contumelias
1215 2308 1245 2333 et
1270 2302 1444 2344 obprobria
1468 2303 1636 2333 sustinere.
1688 2302 1846 2343 Dignatus
1871 2310 1919 2333 est
1943 2302 2049 2343 flagel-

411 2357 479 2396 lari,
505 2358 608 2387 erucis
635 2357 811 2398 patibulum
837 2356 955 2395 subire,
982 2356 1126 2387 lanceam
1152 2357 1184 2386 in
1208 2356 1307 2387 latere
1331 2357 1493 2398 excipere,
1518 2355 1618 2386 clavis
1639 2356 1794 2397 transfigi,
1819 2355 1861 2386 fel
1879 2362 1909 2386 01
1926 2361 2051 2386 acetum

411 2416 550 2451 gustare.
588 2410 624 2440 111
650 2410 762 2440 emh-m
789 2410 939 2451 dignatus
965 2415 1012 2440 est
1036 2410 1126 2443 mori,
1153 2409 1291 2450 sepeliri,
1317 2409 1358 2439 ad
1383 2409 1503 2439 inferos
1520 2408 1727 2445 descendere,
1753 2409 1847 2439 tertia
1871 2408 1922 2439 die
1947 2420 2050 2439 resur-

411 2474 497 2505 gere,
531 2475 602 2493 cum
632 2463 798 2504 discipulis
824 2463 1008 2493 conversari
1034 2468 1065 2492 ct
1089 2469 1160 2503 post
1184 2462 1379 2504 triumphum
1405 2462 1547 2492 victricis
1571 2461 1692 2502 gloriae
1718 2461 1853 2492 eandem
1879 2462 2050 2492 humanam

411 2522 568 2555 naturam,
594 2515 799 2545 ascendendo
825 2527 921 2557 super
945 2528 1054 2546 omnes
1080 2515 1186 2545 caelos
1212 2520 1243 2545 et
1267 2515 1439 2545 exaltatam
1466 2526 1562 2556 super
1586 2526 1695 2545 omues
1721 2514 1862 2555 angelos,
1894 2515 1925 2545 111
1953 2515 2050 2556 patris

519 2670 531 2693 'I
553 2678 606 2692 non
627 2673 667 2692 est
687 2666 763 2699 tilius]
784 2677 836 2691 unu
858 2668 926 2691 tilius
949 2668 982 2691 ill.
1069 2670 1083 2691 9
1105 2668 1281 2699 personaliter
1299 2668 1364 2691 der-st
1385 2667 1418 2690 .
1504 2669 1531 2691 11
1555 2667 1655 2698 aliquid
1676 2668 1739 2690 locst
1761 2668 1795 2691 M.
1880 2670 1907 2690 16
1930 2668 1993 2691 sidit
2016 2667 2050 2691 Js.

411 2715 441 2737 21
465 2714 604 2737 arbitrium
624 2713 688 2736 Im-<l
709 2713 742 2736 M.
835 2714 867 2736 24
896 2710 955 2742 mi]
977 2713 1050 2735 Deus
1073 2713 1106 2735 Jl.
1199 2711 1267 2735 alter
1286 2712 1401 2735 hominis
1422 2712 1535 2735 hominis
1555 2711 1626 2735 tilius
1648 2712 1672 2736 ,
1703 2711 1769 2735 alter
1788 2711 1856 2735 tilius
1881 2712 1994 2735 hominis
2015 2712 2049 2735 .

411 2760 444 2782 23
461 2762 500 2781 est
515 2755 677 2787 incarnatus]
693 2758 846 2780 incarnatus
862 2760 899 2780 est
916 2756 949 2779 ,1.
1007 2758 1034 2779 :51
1056 2757 1104 2780 1)
1120 2754 1213 2785 tilium]
1228 2755 1310 2779 fllium
1328 2756 1375 2779 1)(1
1393 2752 1426 2779 .
1484 2757 1516 2779 38
1532 2754 1658 2785 humana]
1675 2756 1753 2779 huma
1776 2756 1801 2779 .
1859 2758 1886 2779 1
1905 2755 2006 2779 111101114-
2025 2756 2050 2780 .

412 2803 443 2825 42
465 2802 621 2825 discendere
644 2801 677 2824 .
752 2802 784 2823 43
806 2797 936 2831 vit-tricis]
956 2801 1047 2823 vieni<
1070 2801 1094 2824 .
1170 2800 1261 2823 emh-111
1285 2800 1311 2823 .
1385 2801 1415 2822 44
1438 2800 1568 2823 exaltatus
1590 2800 1614 2823 V.

2070 722 2096 740 1

2071 987 2096 1005 16

2071 1252 2097 1270 20

2071 1517 2097 1535 25

2071 1782 2097 1800 30

2072 2047 2097 2065 35

2070 2311 2097 2329 40

2069 2673 2095 2691 45
