2242 3085
125 703 150 722 10

126 969 150 988 15

123 1235 149 1254 20

124 1510 149 1530 25

125 1863 151 1882 30

128 2085 153 2105 35

130 2420 157 2438 40

131 2685 157 2704 45

585 118 636 145 39.
673 118 889 145 CONCILIUM
914 115 1242 148 AQUISGRANENSE
1268 115 1304 142 A.
1327 115 1400 142 816.
1756 113 1819 142 413

274 211 445 243 CXXXV.
481 211 532 241 Ut
564 221 662 252 erga
694 221 861 252 pueros,
899 211 966 252 qui
1002 210 1247 240 nutriuntur
1278 209 1343 239 vel
1376 208 1625 240 erudiuntur
1657 209 1695 239 in
1725 220 1820 239 eon-

167 265 416 307 gregatione
442 264 662 303 canonica,
697 263 1012 294 instantissima
1044 263 1097 293 sit
1129 261 1367 304 adhibenda
1393 261 1597 292 custodia.
1646 261 1821 292 Sollerter1

167 323 309 349 rectores
334 316 543 348 ecclesiarum
576 316 711 358 vigilare
744 321 880 358 oportet,
913 321 947 347 ut
978 316 1070 357 pueri
1103 321 1135 346 et
1166 315 1398 351 adolescentes,
1432 315 1486 357 qui
1511 315 1541 345 in
1569 315 1820 356 congregatione

168 371 229 402 sibi
257 371 428 401 commissa
452 370 637 400 nutriuntur
660 369 712 400 vel
737 369 937 408 erudiuntur,
969 369 1014 399 ita
1045 367 1174 409 iugibus
1206 368 1435 398 ecelesiasticis
1460 368 1639 410 disciplinis
1664 369 1820 399 constrin-

167 429 293 466 gantur,
319 429 354 454 ut
378 434 489 453 eorum
514 423 637 454 lasciva
662 428 751 453 aetas
777 428 808 453 et
833 422 875 452 ad
896 421 1098 464 peccandum
1116 420 1210 451 valde
1229 421 1381 462 proclivis
1398 421 1519 452 nullum
1538 422 1637 463 possit
1655 422 1820 463 repperire

167 477 282 515 locum,
315 488 378 518 quo
410 477 443 506 in
474 476 602 518 peccati
632 476 758 506 facinus
791 481 932 517 proruat.
981 474 1189 516 Quapropter
1220 474 1252 504 in
1282 473 1505 504 huiuscenmdi
1539 474 1757 505 custodiendis
1790 479 1821 505 et

168 529 356 572 spiritaliter
387 529 574 560 erudiendis
606 528 678 560 talis
709 540 728 559 a
752 528 903 570 praelatis
938 527 1183 559 constituendus
1217 532 1265 557 est
1296 527 1382 557 vitae
1416 526 1592 568 probabilis
1625 527 1732 566 frater,
1766 528 1820 569 qui

168 594 278 614 eorum
304 594 414 614 euram
440 594 564 613 summa
589 587 679 623 gerat
705 581 863 612 industria
888 592 1008 623 eosque
1033 581 1078 611 ita
1103 580 1262 611 artissime
1280 580 1489 621 constringat,
1516 580 1652 622 qualiter
1669 580 1820 611 ecclesia-

169 637 257 667 sticis
290 636 445 667 doctrinis
482 634 595 666 imbuti
629 640 659 665 et
691 635 788 665 armis
820 634 1018 676 spiritalibus
1053 633 1157 664 induti
1194 638 1225 663 et
1256 632 1414 663 eeclesiae
1445 633 1636 664 utilitatibus
1669 633 1822 664 decenter

168 701 282 731 parere
319 694 350 720 et
384 689 426 720 ad
462 688 582 730 gradus
619 687 874 727 ecclesiasticos,
919 687 1114 730 quandoque
1151 686 1248 727 digne
1284 686 1418 728 possint,
1458 687 1652 728 promoveri.
1712 686 1822 717 Libuit

168 748 339 785 praeterea
363 742 403 773 eb
428 741 687 773 aedificationem
714 752 891 783 congruam
910 746 941 772 et
956 740 1202 771 instructionem
1220 739 1351 781 negotii,
1378 739 1417 769 de
1436 751 1498 781 quo
1517 740 1632 780 agitur,
1659 739 1822 781 quandam

169 801 354 827 sanctorum
380 801 507 837 patrum
533 795 726 825 sententiam
751 794 825 825 huic
852 794 942 836 operi
966 794 1120 830 inserere,
1147 804 1229 835 quae
1254 793 1300 823 ita
1325 804 1358 822 se
1383 792 1497 823 habet:
1531 795 1644 823 1'1-011a2
1669 802 1710 823 est
1737 798 1822 823 omnis

171 858 250 880 aetas
271 854 305 880 ab
326 853 519 879 adolescentia
542 854 569 879 in
594 855 705 884 malum,
730 853 796 878 nibil
823 852 957 878 incertius
982 861 1063 886 qnam
1088 852 1147 877 vita
1170 850 1403 877 adolescentium.
1449 850 1492 876 Ob
1518 850 1568 875 lioc
1594 851 1822 876 constituendum

171 907 304 942 oportuit,
337 910 378 939 ut,
411 907 433 932 si
465 906 526 940 quis
552 907 578 932 in
604 909 678 932 clero
702 915 774 940 puer
799 909 842 931 est
868 909 916 931 aut
941 905 1138 931 adolescentes
1167 905 1301 934 existunt,
1334 912 1430 929 omnes
1462 904 1489 929 in
1518 913 1572 929 uno
1605 904 1727 929 conclavi
1760 904 1822 929 atrii

169 965 382 992 commorentur,
414 964 445 986 ut
478 960 601 985 lubricae
634 960 737 986 aetatis
769 968 856 985 annos
887 968 942 984 non
974 959 1001 984 in
1033 959 1148 987 luxoria,
1180 958 1230 984 sed
1263 958 1289 983 in
1322 957 1475 991 disciplinis
1502 957 1701 982 ecclesiasticis
1726 961 1822 990 agant,

169 1014 299 1048 deputati
322 1014 516 1048 probatissimo
541 1013 653 1044 seniori,
679 1022 762 1047 quem
788 1016 817 1039 et
840 1012 1003 1047 magistrum
1020 1012 1164 1037 doctrinae
1191 1015 1219 1037 et
1237 1014 1340 1037 testem
1367 1010 1442 1036 vitae
1466 1010 1602 1039 habeant,
1629 1011 1660 1036 ct
1684 1010 1822 1036 caetera.

170 1063 230 1093 His
255 1063 299 1093 ita
324 1062 490 1104 premissis
516 1067 650 1104 oportet,
676 1067 710 1092 ut
735 1060 962 1103 probatissimo
988 1061 1106 1091 seniori
1130 1060 1224 1102 pueri
1248 1059 1289 1090 ad
1315 1058 1572 1095 custodiendum,
1598 1058 1675 1089 lieet
1701 1058 1741 1089 ab
1760 1058 1822 1089 alio

170 1115 367 1153 erudiantur,
394 1115 600 1157 deputentur.
637 1115 753 1145 Frater
769 1126 857 1153 vcro,
883 1114 935 1145 eui
960 1114 1040 1144 haec
1060 1125 1137 1144 eura
1154 1113 1373 1149 committitur,
1399 1113 1424 1142 si
1443 1123 1552 1142 eorum
1581 1123 1690 1142 curam
1716 1112 1823 1153 parvi-

168 1168 318 1211 penderit
343 1174 374 1199 et
399 1168 487 1199 aliud
512 1180 608 1210 quam
634 1173 759 1210 oportet
784 1168 930 1198 docuerit
954 1172 1009 1198 aut
1034 1167 1080 1197 eis
1105 1167 1136 1196 in
1162 1166 1270 1207 aliquo
1297 1165 1469 1196 cuiuslibet
1493 1165 1645 1195 laesionis
1663 1164 1823 1196 maculam

168 1223 349 1264 ingesserit,
375 1222 578 1253 severissime
597 1227 763 1263 correptus
782 1220 822 1252 ab
849 1221 955 1252 officio
981 1226 1170 1251 amoveatur
1194 1224 1225 1249 ct
1248 1219 1339 1249 fratri
1366 1218 1428 1249 alio
1454 1218 1485 1248 id
1511 1219 1739 1257 committatur,
1770 1218 1824 1260 qui

169 1288 223 1307 eos
249 1282 280 1307 et
303 1276 484 1306 innocentis
509 1276 596 1306 vitae
622 1274 782 1316 exemplis
808 1274 959 1305 informet
984 1279 1016 1304 et
1040 1273 1082 1304 ad
1107 1284 1186 1314 opus
1211 1271 1332 1302 bonum
1357 1271 1578 1313 peragendum
1604 1272 1734 1302 excitet.

276 1337 465 1369 CXXXVI.
502 1338 554 1369 Ut
579 1336 626 1368 ab
652 1335 844 1368 omnibus
870 1336 1088 1367 canonicis
1114 1334 1161 1365 ad
1187 1333 1507 1376 completorium
1532 1334 1722 1364 veniatur.
1759 1333 1825 1363 Ex-

168 1392 262 1434 pletis
273 1394 284 1411 ²³
315 1391 558 1433 religiosissimo
592 1390 748 1432 obsequio
780 1390 866 1420 horis
898 1388 1156 1431 competentibus
1189 1388 1313 1418 diurnis
1345 1387 1461 1417 officiis
1490 1386 1530 1417 ab
1556 1386 1704 1417 omnibus
1730 1398 1825 1417 cano-

168 1445 249 1476 nicis
275 1445 349 1476 dato
375 1445 467 1486 signo
493 1444 702 1475 devotissime
727 1443 769 1474 ad
794 1443 1037 1485 completorium
1064 1441 1314 1472 eaelebrandum
1339 1439 1535 1471 veniendum
1554 1446 1611 1470 cst.
1651 1439 1723 1478 Quo
1741 1451 1824 1470 eom-

169 1498 254 1540 pleto
287 1503 421 1540 oportet,
453 1503 488 1528 ut
518 1509 582 1528 non
615 1496 739 1538 aepulis
773 1502 804 1527 et
835 1495 1054 1538 potationibus
1085 1495 1243 1536 vanisque
1274 1494 1453 1524 inserviant
1484 1493 1620 1535 loquelis
1633 1496 1651 1532 ί,
1688 1493 1745 1527 scd
1777 1493 1825 1523 his

169 1552 297 1594 penitus
322 1551 510 1593 postpositis
535 1550 698 1581 humiliter
723 1555 754 1581 ct
778 1550 911 1580 honeste
938 1549 1159 1580 dormitm-uun
1184 1552 1307 1589 petant,
1333 1552 1364 1578 ct
1388 1558 1593 1588 nequaquam
1618 1546 1680 1576 duo
1699 1547 1730 1576 in
1749 1558 1824 1585 uno,

170 1605 227 1635 sed
251 1604 369 1646 singuli
393 1605 425 1635 in
451 1604 585 1645 singulis
611 1603 702 1634 lectis
728 1604 906 1645 quiescant.
954 1603 1105 1633 Lucerna
1137 1612 1265 1643 quoque
1294 1601 1326 1631 in
1359 1600 1473 1631 codem
1506 1600 1693 1630 dormitorio
1718 1600 1820 1630 noetis

169 1664 313 1700 tempore
338 1658 455 1699 iugiter
479 1657 592 1688 ardeat
603 1659 622 1688 5.
660 1656 747 1688 Nihil
769 1656 908 1698 denique
933 1656 1136 1686 inhonestum
1163 1660 1217 1685 aut
1242 1654 1396 1685 indecens
1422 1654 1454 1684 in
1480 1653 1666 1684 dormitorio
1692 1658 1825 1694 geratur

278 1811 409 1835 CXXXV.
440 1812 451 1835 1
474 1811 516 1834 vel
538 1811 699 1835 erudiuntur
717 1810 807 1834 desunt
827 1810 862 1833 Jl.
930 1810 945 1833 2
966 1809 1101 1833 adibeuda
1122 1808 1151 1832 P.
1220 1809 1234 1831 3
1256 1807 1436 1832 adoliscentes
1458 1807 1487 1830 L.
1510 1807 1538 1833 P,
1560 1806 1769 1830 adholeseentcs
1790 1806 1822 1834 B,

170 1856 354 1880 aduliscentes
376 1857 402 1879 (ζ
477 1857 491 1879 5
512 1859 538 1879 et
559 1853 602 1886 ad]
623 1855 656 1879 ad
677 1854 707 1879 L.
782 1855 797 1878 (5
818 1852 938 1886 proruat]
960 1856 1090 1885 provocat
1111 1852 1142 1876 B.
1218 1853 1231 1876 T
1253 1849 1469 1881 constituendus]
1490 1851 1698 1875 constituendos
1721 1851 1752 1877 Β,
1778 1850 1825 1874 eli-

170 1901 275 1931 ¹(sendus
296 1900 330 1924 Jl.
417 1901 431 1924 ὅ
453 1901 606 1931 conti-ingrat
625 1900 656 1923 B.
743 1900 757 1923 9
778 1896 916 1929 decenter]
937 1899 1060 1922 dicenter
1079 1897 1110 1921 L.
1200 1898 1226 1920 11
1250 1894 1363 1928 negotii]
1386 1897 1509 1927 nequotii
1531 1896 1563 1919 Ιί.
1650 1893 1714 1927 quo]
1739 1904 1770 1918 co
1792 1895 1822 1918 Il.

173 1946 204 1969 12
224 1949 327 1977 patrem
348 1945 378 1968 B.
463 1946 493 1968 13
514 1943 695 1968 adoliscentia
716 1943 746 1967 L.
768 1943 800 1967 Β.
822 1944 848 1972 (¹,
872 1942 1079 1967 adoliscentiam
1100 1941 1130 1965 P.
1204 1940 1411 1965 adoliscentium
1432 1940 1462 1964 J..
1485 1941 1511 1963 l'.
1535 1940 1561 1963 P.
1639 1940 1667 1963 14
1690 1947 1756 1971 puer
1776 1937 1825 1969 est]

171 1997 280 2021 puerem
300 1989 332 2013 B.
397 1989 578 2013 adoliscentes
599 1988 629 2012 L.
651 1988 683 2012 Β.
705 1988 731 2012 C.
753 1988 782 2012 P.
850 1989 879 2011 15
902 1984 1033 2017 lubricae]
1055 1990 1081 2010 et
1100 1986 1160 2009 add.
1182 1985 1212 2009 R.
1274 1985 1381 2008 luxuria
1402 1984 1431 2008 P.
1453 1983 1488 2008 M,
1554 1985 1585 2007 16
1606 1985 1772 2015 probatismo
1794 1984 1826 2007 [ι’.

174 2035 204 2059 1ῗ
226 2031 297 2065 licet]
318 2033 389 2058 lecet
409 2034 440 2057 Β.
528 2034 559 2057 18
580 2033 738 2057 erudientur
757 2032 789 2056 B.
875 2033 896 2055 si
918 2029 1019 2061 corum]
1041 2038 1148 2055 seorum
1168 2030 1200 2054 B.
1295 2031 1325 2053 19
1348 2029 1463 2052 lesione<
1487 2029 1515 2052 lt.
1603 2030 1635 2052 20
1656 2026 1825 2058 amoveatur]

173 2081 349 2103 eomoveatur
369 2078 401 2108 Β,
422 2081 626 2102 eommevcatur
647 2077 677 2101 P.
751 2078 897 2101 comitatur
917 2076 949 2100 Β.
1023 2077 1053 2100 ‘21
1077 2076 1133 2099 vita
1153 2074 1185 2098 B.

281 2131 427 2155 CXXXVI.
457 2132 489 2155 *2⁶2
510 2128 643 2162 Expletis]
674 2131 802 2162 Expectis
823 2130 854 2153 Ja'.
948 2130 980 2153 23
1006 2126 1089 2159 horis]
1111 2129 1164 2151 oris
1187 2127 1216 2151 P.
1310 2128 1342 2150 24
1370 2134 1454 2158 sygno
1475 2126 1508 2150 Jt.
1600 2124 1671 2156 Quo]
1693 2126 1773 2155 Quod
1793 2126 1825 2149 B.

174 2177 206 2200 25
227 2177 377 2200 inserviunt
398 2176 428 2199 P.
502 2177 534 2199 2ss
554 2178 663 2206 paetant
684 2175 715 2198 R.

284 2302 312 2335 1)
336 2302 366 2329 V.
393 2301 455 2328 inst.
480 2305 569 2328 sanct.
596 2311 617 2328 c.
635 2303 693 2334 22;
726 2300 766 2334 cf.
795 2298 994 2336 Ultrudcyauyi
1018 2299 1114 2335 mynla
1140 2308 1162 2324 c.
1180 2300 1217 2331 :2;
1250 2298 1266 2326 ἶ.
1286 2298 1302 2324 l.
1323 2308 1355 2333 p.
1374 2298 1401 2325 4.
1474 2296 1503 2329 2)
1530 2297 1580 2324 Ea>
1605 2296 1719 2324 rom-ilio
1752 2297 1826 2323 Tolp-

175 2360 241 2383 twm
258 2355 311 2383 IV.
338 2351 378 2391 (a.
396 2352 476 2391 633.)
501 2365 523 2381 c.
540 2355 597 2388 24,-
624 2353 722 2381 dstmsi
745 2353 782 2387 Χ,
808 2354 876 2381 6:26.
952 2352 981 2382 3)
1006 2352 1037 2379 V.
1063 2351 1127 2378 inst.
1151 2354 1240 2378 sanct.
1267 2360 1289 2377 c.
1308 2351 1354 2378 17.
1426 2350 1456 2383 4)
1484 2350 1532 2385 Qf.
1559 2351 1656 2387 reyula
1682 2349 1828 2376 Benedivti

177 2419 198 2436 c.
216 2409 256 2437 42
273 2408 349 2435 rubr.
367 2405 400 2444 (l.
418 2408 435 2434 l.
456 2417 488 2443 p.
505 2405 574 2444 M).-
599 2408 639 2434 Ut
656 2411 719 2442 post
737 2407 948 2441 completorium
965 2414 1046 2431 nemo
1062 2405 1209 2439 loquatur,
1235 2405 1334 2441 rcyula
1353 2403 1552 2440 Clzrodeyangsi
1567 2414 1588 2430 (κ
1606 2404 1624 2431 4
1642 2400 1672 2439 (l.
1691 2404 1708 2430 l.
1729 2414 1760 2439 J¹=
1778 2400 1827 2438 5).-

177 2463 216 2489 Ut
247 2463 282 2488 ad
314 2461 527 2496 eompleturium
558 2461 646 2487 omnis
677 2461 768 2486 clerus
787 2480 793 2486 .
814 2481 819 2486 .
840 2480 846 2486 .
865 2460 959 2485 veniat
983 2480 989 2485 .
1010 2480 1014 2485 ,
1036 2479 1041 2484 ,
1068 2462 1097 2485 et
1122 2467 1184 2484 cum
1208 2458 1336 2492 primitus
1362 2457 1430 2483 illud
1456 2458 1574 2491 signum,
1609 2457 1682 2491 quod
1715 2457 1749 2482 ad
1776 2457 1826 2481 luu-

176 2516 332 2542 ordinatum
361 2518 415 2547 est,
447 2515 573 2540 auditum
598 2514 694 2546 fuerit,
727 2514 832 2545 statim,
865 2513 1025 2547 ubicunque
1058 2512 1174 2542 fuerint,
1207 2512 1241 2537 ad
1274 2520 1367 2537 eorum
1400 2511 1522 2537 claustra
1552 2511 1665 2536 veniant
1693 2514 1732 2541 ct,
1765 2519 1825 2535 cum

176 2570 274 2595 iterum
300 2569 389 2603 ipsum
414 2568 521 2602 signum
545 2567 696 2599 audierint,
722 2567 760 2592 sic
785 2575 880 2593 omnes
906 2567 933 2592 in
963 2566 1083 2592 ecclesia
1107 2565 1195 2591 sancti
1220 2564 1339 2590 Istefani
1364 2560 1434 2599 (scil.
1459 2574 1481 2591 s.
1509 2562 1647 2599 ›Stsplmui
1674 2560 1825 2597 ,Ualens-is*

177 2623 292 2649 veniant
323 2625 351 2647 ct
383 2625 450 2647 tunc
481 2621 507 2646 iu
536 2620 592 2646 Dei
623 2620 732 2646 nomine
770 2619 975 2654 conpleturium
1011 2622 1138 2645 cantent.
1193 2618 1230 2644 Et
1260 2622 1410 2652 postquam
1441 2616 1646 2651 conpletnrium
1684 2618 1826 2640 cantatum

176 2675 336 2707 habuerint,
369 2678 470 2709 postea
500 2683 554 2699 non
585 2673 678 2699 bibam
702 2672 755 2699 (z
773 2672 881 2705 bibant)
914 2682 964 2698 nec
996 2672 1167 2698 manducent
1198 2680 1288 2705 usquc
1321 2671 1348 2696 in
1380 2670 1529 2697 erastinum
1562 2669 1714 2700 legitimam
1741 2677 1826 2693 oram.

177 2729 213 2755 Et
238 2737 333 2755 omnes
358 2727 499 2754 silentium
524 2729 653 2757 teneant,
680 2729 709 2751 et
733 2734 814 2751 nemo
839 2734 900 2751 cum
923 2725 1013 2751 altero
1030 2725 1163 2759 loquatur
1179 2733 1268 2759 usque
1286 2733 1367 2750 mane
1385 2727 1448 2758 post
1465 2723 1579 2757 primam
1598 2726 1748 2750 cantatam,
1775 2721 1826 2746 nisi

177 2791 294 2808 necesse
319 2781 421 2813 fuerit,
457 2780 496 2814 cf.
522 2789 593 2816 quat?
617 2778 700 2813 [nfra
725 2778 765 2805 (cd
787 2788 809 2804 e.
830 2779 884 2806 143
908 2778 1128 2805 ammirabantur.
1228 2778 1258 2805 ὃ)
1286 2777 1334 2811 (If.
1361 2777 1457 2813 rcgflaela
1483 2774 1628 2801 liutmun-si
1652 2784 1673 2800 ν.
1695 2776 1733 2802 22
1758 2774 1825 2809 (1.1.

1843 857 1870 878 cf,
1879 857 1934 875 Gen.
1944 857 1962 881 R,
1969 858 2001 876 2³1.
