2242 3085
409 133 469 162 178
800 134 849 161 21.
888 134 1105 162 CONCILIUM
1129 134 1417 162 FOROIULIENSE
1442 135 1476 162 A.
1499 131 1653 171 796s797.

499 228 592 259 Gesta
610 228 741 259 concilii
762 234 795 258 ut
817 240 837 258 a
862 239 930 269 reye
948 229 1215 269 confirmarentur,
1240 227 1397 259 Paulinus
1409 240 1468 270 per
1485 228 1647 270 epistolam
1666 230 1794 270 saepius
1809 230 1873 260 iam
1892 229 2052 260 laudatam

402 283 525 325 petivit,
559 281 637 311 unde
654 293 763 322 pauca
787 281 843 312 hoc
868 281 932 311 loco
957 288 1092 322 repetere
1116 281 1205 312 uobis
1229 282 1330 312 visum
1354 289 1405 320 esc,
1435 293 1468 312 eo
1492 281 1584 322 quod,
1611 282 1644 312 si
1663 293 1724 312 non
1741 288 1866 323 partem
1888 289 2053 324 qestorum,

406 341 439 365 ac
468 342 546 365 verte
577 346 680 364 eorum
713 335 809 375 quasi
837 334 1080 375 supplemenemn
1113 334 1271 375 quoddam
1299 334 1452 376 efficiunt.
1501 332 1663 364 Concordi
1688 333 1846 375 parilique
1872 333 2053 374 devotione,

408 388 455 418 ait
472 387 639 425 Paulinus,
664 397 735 417 cum
761 385 914 417 fratribus
939 390 970 417 et
990 397 1062 416 cum
1083 386 1368 418 consacerdotibus
1392 387 1509 417 nostris
1534 397 1626 417 roseo
1650 386 1684 416 in
1701 385 1821 417 Christi
1841 386 1916 418 Iesu
1940 398 2053 418 cruore

409 445 557 471 aeternas
583 438 803 481 multiplieiter
828 438 965 480 supplici
992 440 1223 470 concinnamus
1248 439 1393 470 stilisona
1408 450 1489 470 voce
1507 438 1635 470 salutes.
1671 439 1714 470 Et
1731 439 1831 470 sacris
1848 445 2054 481 paternorum

409 503 570 523 canonum
600 492 746 523 valenter
776 491 985 522 incitantibus
1017 491 1216 523 documentis
1241 498 1273 524 et
1296 493 1422 532 vestris,
1453 498 1488 523 ut
1511 503 1624 523 verum
1649 497 1788 532 resonat,
1816 492 1946 523 mellitis
1971 492 2054 523 salu-

409 544 498 576 brius
522 544 739 576 inrorantibus
765 544 885 584 salivis,
909 545 942 575 in
966 544 1038 584 hac,
1071 544 1124 575 cui
1148 545 1220 576 Deo
1245 551 1375 576 auctore
1400 545 1477 576 licet
1499 545 1652 587 indignus
1677 544 1874 587 indignoque
1899 545 2054 577 famulatu

410 598 569 637 deservio,
602 597 677 628 sede
704 597 875 628 concilium
899 596 1045 628 habitum
1069 597 1125 628 alti
1148 598 1247 629 fuisse
1278 598 1337 629 sub
1361 599 1490 629 nomine
1514 599 1601 640 regis
1632 598 1904 640 tranquillissimis
1928 603 2055 630 vestrae

412 651 594 682 serenitatis
629 649 761 681 auribus
798 661 915 692 operae
951 651 1091 692 pretium
1127 650 1276 682 duximus
1312 651 1496 682 humillimis
1531 651 1645 682 horum
1681 652 1829 693 quamvis
1862 650 2056 683 incultorum

411 705 541 745 apicum
574 703 763 745 suppliciter
793 703 911 734 notulis
942 704 1100 734 intimare.
1134 728 1140 734 .
1173 728 1180 734 .
1214 728 1220 735 .
1253 703 1400 745 Cumque
1432 715 1474 735 ex
1498 704 1646 735 condicto
1677 704 1711 734 in
1739 715 1838 735 unum
1869 705 2056 735 cannonicis

412 762 543 788 coactus
567 756 699 798 syllabis
726 756 935 788 sacerdotalis
961 762 1070 787 coetus
1095 756 1246 798 religiosa
1271 757 1475 787 convenisset
1491 756 1673 796 devotione,
1698 758 1887 799 requisitum
1910 758 2056 799 protinus

413 810 616 841 concorditer
641 815 775 849 constat,
801 821 925 840 summa
943 810 1128 851 quantotius
1153 809 1341 851 explorante
1366 809 1550 840 subtilitatis
1571 810 1759 851 sagacitate,
1785 809 2057 852 quemadmodum

413 862 558 894 eiusdem
590 863 734 894 declarat
764 862 936 893 reverendi
968 862 1096 893 concilii
1129 862 1355 893 solertissimus
1381 862 1469 902 ordo,
1501 862 1540 893 de
1571 874 1775 905 quacumque
1806 864 1905 894 activi
1935 864 2057 905 negotii

412 916 577 957 qualitate,
599 916 638 947 de
657 927 755 947 causa
779 915 939 958 siquidem
959 915 1136 946 ortodoxae
1153 915 1238 955 fidei,
1260 915 1300 946 de
1325 920 1410 946 statu
1426 916 1504 957 quin
1522 916 1618 946 etiam
1643 927 1681 947 ae
1701 916 1825 947 famosa
1845 916 2057 947 ecclesiastici

414 968 562 999 culminis
594 968 764 1010 dignitate,
799 969 837 999 de
874 980 980 999 rerum
1013 979 1288 1010 quarumcumque
1320 968 1529 1010 dispendiosa
1558 969 1697 1008 iactura,
1730 969 1768 1000 de
1801 969 2056 1012 quibuscumque

412 1023 605 1053 necessariis
636 1023 870 1053 susurrantium
902 1022 1105 1063 questionum
1136 1021 1356 1063 petitionibus,
1389 1021 1428 1052 de
1460 1021 1576 1063 quibus
1607 1022 1690 1052 iuste
1720 1027 1872 1065 reeteque
1904 1024 2059 1064 conqueri

413 1080 528 1117 potest,
554 1086 753 1117 quarumque
781 1075 912 1116 querule
945 1074 1170 1116 disputationis
1196 1074 1362 1114 exhibitio,
1394 1074 1517 1106 nodosa
1546 1074 1658 1105 licium
1682 1074 1877 1116 adligatione
1903 1081 2057 1111 contorta,

414 1127 606 1159 sacerdotali
637 1127 865 1159 nichilominus
897 1126 1104 1158 desiderabat
1135 1127 1297 1158 enodatim
1329 1127 1528 1158 divinatione
1556 1127 1684 1160 resolvi.
1733 1128 1825 1159 Haec
1849 1134 1977 1159 nostrae
2001 1128 2057 1159 hu-

413 1181 566 1212 millimae
592 1181 761 1222 parvitatis
786 1181 946 1222 exiguitas
970 1181 1061 1211 iuxta
1083 1181 1269 1211 tenuissime
1286 1181 1391 1211 minus
1409 1186 1443 1211 ut
1460 1180 1570 1211 decuit
1585 1180 1802 1222 incapabilem
1826 1181 2058 1222 intelligentiae

413 1239 542 1265 nostrae
579 1234 808 1275 capacitatem,
844 1245 909 1264 non
944 1239 979 1264 ut
1013 1234 1105 1264 iuxta
1140 1239 1394 1264 consummatam
1429 1233 1661 1275 perfectionem
1698 1233 1825 1264 celebre
1861 1234 2058 1276 dignumque

413 1287 527 1327 fuerat,
559 1298 619 1317 nec
650 1293 685 1318 ut
715 1287 796 1317 tanti
828 1286 981 1328 exigebat
1012 1298 1149 1317 censura
1179 1287 1354 1328 regiminis,
1387 1286 1445 1317 sed
1475 1287 1508 1317 in
1540 1292 1694 1328 quantum
1725 1298 1870 1318 annuens
1901 1287 2058 1318 inmeritis

414 1339 509 1371 nobis
534 1340 690 1371 altissima
715 1340 848 1381 dignata
873 1346 921 1370 est
945 1340 1084 1381 gratuito
1109 1351 1242 1371 munere
1267 1339 1377 1381 largiri
1409 1339 1589 1379 clementia,
1622 1345 1717 1382 prout
1748 1340 1794 1370 rei
1824 1341 1905 1371 ratio
1937 1346 2058 1382 presta-

413 1393 509 1424 bilius
546 1393 753 1435 exposcebat,
791 1393 830 1424 de
867 1393 1002 1434 singulis
1034 1392 1291 1435 quibuscumque
1327 1393 1555 1435 temptavimus
1590 1392 1825 1424 inevitabilium
1856 1394 2058 1435 negotiorum

415 1447 644 1488 quaerimoniis
670 1446 845 1488 explicare.
883 1446 975 1485 Quae
1002 1452 1118 1477 cuncta
1141 1447 1232 1477 iuxta
1255 1447 1352 1476 moris
1377 1446 1478 1476 nostri
1502 1457 1565 1477 non
1589 1446 1773 1487 incognitae
1793 1446 1914 1487 gloriae
1931 1452 2058 1477 vestrae

413 1499 588 1530 voluntatis
612 1505 739 1530 nostrae
765 1499 1041 1538 consuetudinem,
1068 1499 1339 1541 quemadmodum
1364 1500 1396 1529 in
1419 1499 1523 1530 fronte
1540 1499 1634 1530 huius
1652 1499 1768 1541 prefati
1786 1511 1895 1530 sumus
1913 1499 2058 1541 epistole,

414 1554 447 1583 in
472 1558 599 1583 vestrae
624 1553 790 1594 potestatis
817 1553 1021 1594 emancipata
1046 1552 1188 1592 arbitrio,
1214 1552 1247 1582 in
1270 1557 1377 1583 vestro
1402 1551 1629 1583 nichilominus
1662 1552 1866 1583 decrevimus
1890 1563 2058 1583 reservare

414 1605 545 1645 iudicio,
579 1606 728 1647 quatinus
765 1605 874 1636 subtili
903 1605 1083 1636 libraminis
1115 1606 1214 1636 vestri
1250 1605 1446 1636 moderatius
1477 1605 1570 1636 lance
1601 1604 1734 1645 librata,
1771 1606 1797 1636 si
1828 1606 1954 1636 sinistro
1988 1606 2059 1647 plus

417 1659 500 1690 iusto
525 1658 690 1690 relabente
715 1659 944 1690 moderaminis
969 1658 1202 1700 perpendiculo
1222 1658 1339 1689 nullius
1357 1670 1427 1689 esse
1444 1658 1729 1700 deprehendantur
1745 1659 1908 1697 momenti,
1933 1664 2059 1689 vestrae

416 1713 617 1743 auctoritatis
642 1723 778 1743 censura
804 1713 932 1754 penitus
957 1711 1077 1742 abolita
1101 1712 1275 1753 sopiantur.
1317 1711 1351 1742 Si
1375 1723 1452 1742 vero
1477 1711 1612 1742 alicuius
1636 1712 1780 1742 fortassis
1808 1711 1952 1742 utilitatis
1977 1723 2059 1754 equo

416 1765 578 1807 pendente
603 1765 781 1796 libraminis
803 1765 891 1796 disco
916 1771 996 1804 rata,
1021 1766 1047 1795 si
1072 1765 1136 1796 dici
1161 1765 1266 1804 liceat,
1291 1770 1442 1806 poterunt
1466 1764 1648 1806 adprobari,
1674 1765 1788 1795 vestris
1813 1765 1924 1795 fulcita
1948 1765 2059 1796 fortius

417 1818 610 1849 adiumentis
630 1819 789 1849 vivaciter
807 1818 1044 1849 convalescant.
1072 1844 1079 1850 .
1106 1843 1112 1848 .
1139 1843 1145 1848 .
1172 1817 1337 1860 Quicquid
1356 1817 1449 1848 vobis
1474 1817 1633 1859 placuerit
1656 1817 1707 1848 vel
1732 1817 1932 1859 displicuerit
1955 1823 2009 1849 aut
2033 1819 2058 1848 si

417 1872 545 1902 omnino
576 1871 621 1902 nil
651 1871 784 1912 dignum
817 1871 984 1911 duxeritis,
1017 1872 1117 1902 sacris
1149 1870 1242 1902 nobis
1273 1871 1389 1902 vestris
1420 1870 1527 1901 iubete
1560 1870 1692 1912 syllabis
1724 1870 1957 1912 significantius
1988 1882 2059 1912 pro-

415 1925 536 1966 palare.
595 1924 663 1955 Nec
700 1924 759 1955 hoc
796 1924 1049 1966 praetereundo,
1090 1924 1147 1955 sed
1185 1925 1288 1965 magis
1323 1924 1541 1955 necessarium
1577 1935 1635 1965 per
1670 1924 1778 1954 onmia
1816 1924 1898 1954 scire
1933 1930 2060 1955 vestrae

416 1978 587 2008 maluimus
613 1978 805 2008 sinceritatis
830 1977 1122 2017 mansuetudinem,
1156 1978 1308 2019 quoniam
1340 1977 1433 2008 huius
1466 1982 1583 2007 statuta
1608 1976 1735 2007 concilii
1760 1988 1824 2007 non
1849 1977 1939 2018 quasi
1965 1988 2059 2018 gene-

417 2031 506 2065 ralia,
533 2030 590 2061 sed
614 2031 739 2065 localia,
767 2030 817 2061 vel
844 2031 941 2061 etiam
966 2030 1132 2072 specialia,
1165 2042 1238 2061 cum
1262 2029 1516 2072 provincialibus
1540 2030 1632 2060 istius
1662 2029 1746 2060 sedis
1772 2031 2059 2072 consentaneisque

417 2085 578 2126 episcopis
595 2096 733 2126 aequum
752 2090 920 2125 ratumque
938 2085 1165 2125 prospeximus
1182 2083 1343 2123 delegare,
1365 2084 1391 2113 si
1408 2088 1515 2114 tamen
1532 2088 1640 2113 vestra
1656 2088 1899 2124 vestrorumque
1916 2083 2057 2114 fidelium

416 2138 535 2168 fuerint
559 2138 748 2168 auctoritate
766 2136 977 2179 probabiliter
997 2136 1157 2171 roborata.
1175 2136 1226 2167 vel
1247 2137 1273 2167 si
1291 2137 1446 2167 curvatim
1466 2136 1591 2166 inclusa
1610 2136 1693 2166 infra
1710 2135 1864 2166 circulum
1885 2137 2059 2167 resecantis

417 2191 508 2221 falcis
526 2196 653 2221 vestrae
678 2190 831 2221 nonnulla
855 2190 906 2220 vel
931 2190 1027 2220 etiam
1053 2202 1148 2231 quam
1174 2190 1312 2231 plurima
1336 2189 1438 2220 inlesa
1461 2189 1622 2219 valuerint
1646 2189 1798 2230 effugere.
1825 2194 1855 2219 et
1872 2189 1913 2219 ad
1930 2195 2058 2220 nostrae

418 2243 613 2285 quandoque
638 2243 826 2274 humilitatis
851 2254 964 2273 manus
989 2254 1144 2284 prospera
1161 2243 1359 2273 iucunditate
1378 2242 1562 2284 celebrique
1586 2243 1773 2284 praecincta
1789 2242 1930 2272 laetitiae
1948 2242 2058 2273 favore

417 2297 480 2327 leta
504 2297 622 2326 reverti
647 2297 832 2335 meruerint,
858 2296 1078 2337 indulgentiae
1103 2302 1229 2327 vestrae
1254 2301 1443 2337 praenotata
1460 2296 1608 2337 stigmate
1626 2295 1821 2326 venerando.
1846 2307 1909 2325 non
1928 2295 2057 2337 quidem

416 2355 572 2381 vetamus.
598 2350 649 2379 cui
675 2348 835 2388 libuerint,
862 2349 918 2379 sed
938 2360 998 2379 nec
1019 2355 1210 2389 coartamus,
1236 2349 1287 2380 cui
1311 2348 1542 2391 displicuerint,
1568 2349 1667 2390 gratis
1684 2353 1792 2379 tamen
1810 2349 1933 2379 eunctis
1950 2348 2058 2379 oblata

416 2403 447 2432 in
473 2401 605 2432 arbitrio
632 2402 804 2443 respuendi
830 2402 881 2432 vel
907 2402 1124 2443 amplectendi
1148 2401 1358 2443 relinquimus
1384 2402 1557 2443 unicuique
1583 2402 1616 2441 (l.
1644 2402 1664 2431 l.
1683 2414 1718 2443 p.
1737 2406 1810 2433 517.
1829 2403 1916 2437 519).

528 2464 710 2494 Traduntur
736 2464 867 2505 (leuique
889 2472 972 2505 gyrata
997 2465 1164 2506 synodalia
1197 2466 1231 2495 in
1255 2465 1360 2495 codice
1384 2464 1526 2495 Romano
1550 2464 1750 2495 bibliothecae
1776 2464 1942 2495 Vatt'tanae
1965 2468 2058 2497 3827

418 2518 523 2550 (antea
553 2530 576 2547 s.
608 2517 698 2548 Patri
729 2517 973 2558 Belloracenszlsj)
1005 2530 1083 2548 saec.
1110 2517 1151 2547 .
1179 2526 1232 2547 (
1259 2518 1294 2552 V)
1320 2518 1385 2559 fol.
1411 2519 1540 2555 ,-13)),
1576 2518 1664 2547 cuius
1699 2518 1858 2558 eoeemplar
1953 2517 2058 2548 codice

416 2571 553 2601 eiusdem
578 2571 777 2601 bibliothecae
804 2572 882 2601 [nter
902 2571 999 2601 libros
1020 2572 1196 2602 Clara-tinae
1215 2572 1339 2611 reflefnae
1356 2574 1439 2602 1041
1456 2582 1534 2600 saec.
1553 2569 1664 2600 XVII.
1676 2570 1742 2611 fol.
1761 2572 1904 2602 1020
1922 2571 2057 2601 omittere

414 2625 581 2665 paruimus.
629 2623 737 2654 Maior
762 2636 844 2665 pars
874 2624 1009 2664 symboli
1029 2624 1116 2665 fidei
1145 2624 1257 2664 lejsz'lur
1289 2624 1319 2653 1'n
1352 2623 1456 2653 codice
1480 2623 1666 2653 illonacense'
1695 2623 1791 2653 latino
1816 2627 1924 2655 1446ss
1953 2623 2056 2658 (antea

417 2691 439 2706 s.
463 2677 688 2707 lt'mmermnmi
702 2676 951 2716 Ii'atzshonenst's)
977 2688 1058 2706 amm
1084 2679 1157 2708 8:21.
1186 2677 1271 2706 iussu
1296 2676 1447 2706 Bamre'ec'
1468 2677 1610 2717 episcopi
1624 2676 1860 2706 Ratt'sbonenszk
1884 2677 2056 2717 conscripto

418 2737 471 2763 (z
489 2729 538 2766 M)
557 2730 622 2771 fol.
641 2731 818 2766 2730
849 2729 886 2759 de
915 2730 1015 2770 capite
1040 2729 1172 2770 (lenique
1197 2742 1274 2759 nono
1299 2730 1391 2759 ctiam
1416 2728 1545 2759 aliunde
1569 2730 1688 2771 cognito
1712 2729 1887 2760 necessaria
1911 2740 1966 2758 suo
1991 2728 2055 2759 loco

416 2783 477 2812 tm'n
483 2783 549 2813 atah
600 2795 643 2812 ns.

2076 717 2102 735 10

2079 982 2103 1000 15

2078 1247 2104 1265 20

2079 1512 2104 1531 2

2080 1778 2105 1796 30

2080 2043 2105 2061 35

2076 2308 2103 2326 40

2075 2581 2102 2599 45
