2242 3085
107 715 133 733 10

107 982 132 1000 15

103 1249 130 1266 20

102 1515 131 1533 25

102 1782 131 1800 30

101 2048 131 2067 ³5

104 2316 132 2333 40

102 2595 134 2613 45

554 133 604 160 19.
641 132 858 161 CONCILIUM
882 134 1246 162 FRANCOFURTENSE
1272 137 1307 162 A.
1330 137 1403 163 794.
1742 135 1802 164 137

153 225 332 257 Dominum
356 226 454 268 igitur
484 231 628 257 nostrum
653 226 761 257 Iesum
786 226 960 266 Christum,
994 226 1057 257 Dei
1082 227 1191 266 filium,
1224 240 1335 259 verum
1369 241 1496 271 semper
1526 231 1642 269 Deum,
1676 242 1804 273 semper

153 279 188 309 in
212 284 313 320 patre,
339 290 467 320 semper
491 290 564 310 cum
588 284 690 321 patre,
722 290 851 321 semper
875 279 1036 310 credimus
1061 280 1148 322 apud
1172 286 1306 322 patrem.
1354 282 1392 312 In
1416 283 1535 313 ultimis
1560 295 1699 325 namque
1725 290 1802 315 tem-

153 331 287 374 poribus
322 337 455 374 propter
489 343 547 363 nos
583 337 615 363 et
649 338 781 374 propter
811 336 953 363 nostram
984 332 1120 363 salutem
1157 334 1334 364 secundum
1371 341 1514 366 secretae
1552 336 1801 378 dispensationis

153 384 321 416 arbitrium
347 385 515 416 descendit
547 385 586 416 de
618 385 718 424 caelo,
750 385 836 416 unde
866 397 1043 427 numquam
1075 392 1271 426 recesserat,
1304 388 1393 418 venit
1423 389 1573 419 nimirum
1604 390 1635 420 in
1660 391 1800 432 propria,

154 437 209 468 ubi
233 449 409 480 numquam
434 438 560 479 deerat3
593 443 685 470 natus
718 444 766 469 est
797 438 836 469 dc
863 438 986 480 Spiritu
1017 444 1128 470 sancto
1161 444 1192 470 et
1215 439 1321 470 Maria
1352 441 1487 482 virgine,
1514 442 1640 473 dicente
1667 443 1800 485 angelo:

155 491 248 529 Quod
270 493 352 523 enim
378 493 410 522 ίιι
434 504 469 523 ea
493 499 599 523 natum
623 499 667 523 est
690 492 727 523 de
751 491 877 534 Spiritu
901 499 1005 523 sancto
1030 500 1081 523 est.
1129 492 1156 522 F
1159 498 1250 523 actus
1283 504 1378 524 verus
1404 494 1496 524 1101110
1522 495 1613 525 iuxta
1637 496 1680 535 id,
1713 496 1799 538 quod

152 543 308 575 scribtum
326 549 389 575 est:
415 545 458 576 Et
483 546 605 576 verbum
630 557 703 576 caro
721 546 849 588 factam
873 553 916 576 est
939 553 967 576 et
989 546 1143 577 habitavit
1168 548 1198 577 ιή
1222 548 1319 583 nohis,
1345 548 1521 588 permansit
1537 560 1632 578 verus
1651 550 1798 580 010111111-

152 602 265 639 potens
291 597 382 628 Deus
413 598 444 628 in
477 603 613 640 utraque
644 603 768 637 natura,
800 610 882 629 unus
908 598 973 629 Dei
1003 598 1087 629 filius
1118 599 1269 641 idemque
1302 600 1438 630 hominis
1463 600 1555 631 filius.
1604 601 1691 632 Nihil
1716 603 1800 632 enim

152 649 294 682 humana
317 651 469 682 nativitas
494 651 624 682 divinae
649 651 886 693 praeiudicavit
910 652 1087 683 nativitati:
1115 652 1295 694 adsumpsit
1320 653 1406 694 quod
1432 664 1496 683 non
1513 659 1597 693 erat,
1624 656 1801 695 permansit

152 704 185 734 in
209 703 243 734 id
273 704 488 735 essentialiter
519 704 606 746 quod
637 710 715 744 erat,
748 716 812 735 non
844 705 1072 736 commixtione
1104 717 1217 747 passus
1250 717 1354 748 neque
1387 706 1557 745 divisione,
1591 707 1648 737 sed
1680 708 1712 737 111
1737 720 1801 738 una

151 768 291 799 persona
315 756 435 788 Christi
451 757 542 788 Deus
566 768 663 788 verus
688 763 719 788 et
744 757 838 789 homo
862 763 1031 800 permanet
1054 769 1167 799 verus,
1193 770 1257 790 11011
1281 759 1344 790 (1110
1370 759 1425 790 11111
1442 760 1533 790 Deus
1559 766 1590 791 et
1614 760 1718 801 homo,
1745 761 1801 792 scd

152 822 234 841 unus
258 810 342 841 filius
366 810 457 842 Deus
482 816 514 841 et
544 810 648 850 homo,
681 822 745 842 non
776 811 857 842 alius
888 811 971 842 filius
1003 811 1141 842 hominis
1173 818 1204 843 et
1236 812 1316 843 alius
1341 813 1416 852 Dei,
1448 813 1505 844 sed
1536 825 1618 844 unus
1650 813 1800 856 idemque

152 863 216 894 Dei
247 864 449 906 hominisque
484 864 578 895 filius.
633 864 729 895 Unde
767 870 798 895 et
829 876 884 895 eos
916 864 1010 896 valde
1044 876 1245 904 execramur,
1282 867 1337 908 qui
1369 878 1441 897 eum
1478 866 1665 908 adoptivum
1701 868 1799 909 impio

152 918 328 958 grunniunt
353 929 417 957 ore,
443 918 529 959 quia,
555 918 639 949 sicut
662 918 800 960 praefati
825 930 944 957 5011105,
971 918 1143 960 adoptivus
1169 919 1233 950 dici
1258 931 1322 950 non
1346 925 1451 961 potest
1474 921 1537 950 nisi
1562 921 1598 958 is,
1632 921 1686 962 qui
1711 921 1799 962 prius

152 975 200 1001 est
224 970 347 1001 alienus
372 970 412 1001 ab
439 982 486 1010 00,
512 982 531 1002 a
555 982 618 1013 quo
644 971 791 1013 adoptari
816 971 990 1002 desiderat.
1039 972 1102 1002 Dei
1135 984 1211 1013 ergo
1236 972 1319 1003 filius
1345 984 1409 1015 qua
1433 974 1556 1004 ratione
1582 974 1671 1004 credi
1696 980 1801 1016 potest

151 1023 333 1065 adoptivus,
359 1025 414 1066 qui
438 1023 699 1066 inseparabiliter
723 1024 893 1066 adsumpto
919 1024 1047 1055 homine
1072 1026 1105 1056 in
1130 1037 1194 1057 una
1216 1037 1356 1067 persona
1373 1032 1509 1057 coeunte
1532 1033 1667 1069 utraque
1685 1034 1800 1058 natura

150 1088 215 1108 11011
240 1077 303 1108 duo
327 1077 393 1116 filii,
419 1077 500 1108 alius
525 1078 589 1108 Dei
614 1083 645 1109 et
669 1077 750 1109 alius
776 1078 921 1118 hominis,
948 1084 991 1117 ut,
1017 1079 1101 1109 sicut
1125 1078 1169 1109 illi
1194 1079 1331 1110 errando
1357 1081 1537 1119 aestimant,
1563 1080 1734 1122 adoptivus
1760 1082 1800 1112 sit

151 1130 288 1161 hominis
313 1130 396 1162 filius
421 1136 453 1162 et
478 1132 546 1162 sine
571 1131 744 1173 adoptione
769 1131 834 1162 Dei
858 1131 951 1171 filius,
985 1132 1041 1163 sed
1072 1132 1104 1162 in
1136 1144 1200 1163 una
1231 1144 1370 1174 persona
1395 1145 1477 1164 unus
1502 1133 1652 1176 idemque
1678 1134 1741 1165 Dei
1768 1140 1800 1165 et

150 1183 288 1215 hominis
312 1184 406 1224 filius,
432 1185 487 1226 qui
511 1196 687 1226 numquam
712 1184 884 1224 hominem,
915 1196 1010 1227 qucm
1036 1185 1224 1227 adsumpsit,
1251 1186 1401 1226 deseruit,
1428 1187 1523 1217 ctiam
1549 1198 1609 1218 nec
1633 1187 1665 1218 111
1692 1199 1798 1228 cruce,

151 1237 280 1279 quando
298 1237 450 1269 inclinato
469 1238 574 1280 capite
592 1238 725 1269 tradidit
742 1239 899 1280 spiritum,
925 1238 1027 1269 Paulo
1052 1244 1233 1279 attestante,
1260 1240 1314 1281 qui
1332 1241 1391 1270 ait:
1419 1240 1459 1271 Sl?
1473 1242 1554 1271 enim
1579 1243 1798 1284 (wifflzorzlsserzt,

150 1303 317 1333 numquam
344 1292 501 1323 dominum
525 1293 648 1334 ῃίονίαε
673 1293 910 1334 crucifixissent.
951 1292 1110 1323 Dominus
1135 1292 1256 1334 gloriae
1282 1293 1400 1324 dicitur
1424 1294 1608 1333 crucifixus,
1635 1306 1707 1325 cum
1732 1294 1800 1325 sola

151 1355 225 1375 caro
251 1345 291 1374 sit
315 1344 481 1377 crucifixa.
531 1344 597 1376 Sed
628 1345 704 1386 quia
736 1344 884 1376 dominus
915 1345 1037 1386 gloriae
1068 1345 1153 1376 idem
1186 1347 1254 1388 ipse
1285 1352 1363 1385 erat,
1397 1347 1451 1388 qui
1483 1352 1515 1378 et
1538 1347 1675 1378 hominis
1704 1347 1798 1387 filius,

151 1398 206 1439 qui
231 1397 490 1439 crucifigebatur,
516 1404 548 1429 et
571 1410 746 1440 numquam
772 1398 935 1429 hominem
960 1398 1111 1439 deseruit,
1138 1399 1220 1430 sicut
1244 1399 1366 1430 dictum
1392 1406 1449 1440 est,
1481 1412 1576 1442 quem
1608 1400 1798 1442 adsumpsit,

150 1450 224 1481 ideo
249 1450 367 1482 dicitur
392 1451 539 1482 dominus
564 1451 686 1493 gloriae
712 1452 896 1482 crucifixus

258 1504 340 1535 Sunt
364 1505 461 1535 etiam
486 1504 631 1547 plerique
645 1507 664 1544 ¹,
696 1505 751 1547 qui
781 1505 952 1536 adstruunt
983 1516 1024 1536 ex
1055 1504 1157 1536 tribus
1182 1505 1369 1537 substantiis
1394 1518 1491 1537 unam
1516 1507 1703 1539 mediatoris
1728 1519 1799 1549 per-

151 1569 272 1598 sonam,
297 1557 399 1597 verbi,
432 1558 538 1588 carnis
564 1563 595 1589 et
619 1559 757 1597 animae,
790 1570 861 1589 cum
886 1558 919 1589 in
945 1570 1043 1589 causa
1066 1558 1162 1589 fidaei
1188 1570 1252 1590 non
1276 1559 1425 1590 videatur
1449 1561 1668 1591 necessarium
1693 1560 1799 1602 sophi-

150 1612 231 1643 stica
262 1611 480 1653 disputatione
512 1611 727 1642 saecularium
758 1611 935 1642 litterarum
968 1611 1108 1643 calculos
1141 1611 1340 1654 syllogistica
1371 1624 1523 1654 spargere
1548 1625 1656 1644 manu.
1705 1614 1798 1645 Suffi-

149 1670 240 1696 cerat
279 1665 363 1696 enim
403 1665 494 1695 iuxta
533 1665 799 1707 praecedentium
839 1665 1070 1696 catholicorum
1106 1671 1234 1707 patrum
1272 1666 1504 1697 saluberrimae
1533 1667 1799 1709 promulgationis

151 1719 330 1750 doctrinam
366 1718 580 1760 simplicitatis
617 1719 744 1749 sincera
780 1730 861 1750 voce
900 1730 941 1749 ex
979 1724 1115 1760 utraque
1151 1725 1267 1750 natura
1301 1731 1397 1750 unam
1434 1731 1606 1761 personam
1642 1720 1798 1760 confiteri,

149 1772 219 1803 veri
244 1772 307 1802 Dei
338 1772 472 1813 verique
504 1771 641 1802 hominis
667 1771 797 1811 Christi,
828 1771 939 1802 divina
964 1772 1088 1803 scilicet
1113 1777 1144 1803 et
1169 1772 1318 1811 humana,
1351 1773 1407 1803 sed
1440 1779 1572 1815 propter
1596 1785 1650 1805 eos
1675 1774 1797 1816 utique,

150 1826 205 1868 qui
229 1824 440 1867 semiplenam
472 1825 541 1856 sine
573 1826 682 1856 anima
712 1825 862 1856 rationali
887 1830 918 1856 et
942 1825 984 1856 ad
1008 1826 1114 1856 vicem
1139 1826 1266 1856 animae
1292 1826 1436 1857 divinam
1461 1832 1608 1857 naturam
1633 1827 1667 1858 in
1691 1828 1797 1858 carnis

150 1878 390 1920 dispensatione
416 1878 621 1920 adsumptam
646 1879 861 1920 suspicantur,
895 1890 968 1909 cum
997 1878 1165 1920 psalmista
1189 1879 1288 1910 alacri
1312 1885 1444 1922 pectore
1469 1880 1572 1911 dicat:
1604 1881 1686 1912 Ecce
1717 1883 1798 1912 enim

151 1933 239 1963 Deus
263 1932 396 1963 adiuvat
418 1945 464 1963 me
496 1939 524 1963 et
548 1932 704 1963 Dominus
734 1939 892 1974 susceptor
924 1940 967 1963 est
990 1934 1114 1963 (mimae
1140 1945 1231 1963 meae.
1280 1933 1343 1963 Pro
1368 1933 1430 1964 1100
1454 1934 1552 1975 igitur
1576 1945 1610 1964 re
1636 1939 1667 1965 et
1690 1934 1798 1965 huius-

151 1985 277 2017 cemodi
302 1986 420 2016 erroris
445 1984 555 2016 nubilo
581 1985 644 2016 stili
669 1985 796 2016 flavello
822 1997 863 2016 cx
888 1996 962 2016 aere
987 1986 1103 2016 mentis
1128 1991 1279 2016 ventosas
1303 1986 1437 2017 nubium
1462 1987 1592 2018 umbras
1611 1987 1798 2029 dispergere

150 2039 349 2078 festinamus,
386 2044 545 2081 quatenus
582 2039 705 2069 aeterni
741 2038 816 2069 solis
852 2038 984 2080 perfusa
1014 2038 1105 2069 radio
1137 2039 1293 2070 micantes
1325 2039 1434 2071 stellas
1465 2052 1522 2082 per
1554 2040 1661 2072 caelos
1692 2041 1799 2071 valeat

151 2092 240 2135 puris
272 2091 436 2123 obtutibus
468 2092 627 2133 inspicere
654 2091 896 2123 scribturarum.
944 2092 1017 2123 Non
1049 2093 1133 2123 enim
1164 2093 1350 2134 ignoramus
1382 2105 1423 2124 cx
1454 2093 1579 2124 duabus
1612 2093 1798 2125 substantiis

151 2145 326 2177 humanam
351 2144 526 2176 subsistere
551 2150 709 2185 naturam,
735 2156 777 2176 ex
801 2145 910 2176 anima
934 2145 1085 2176 nimirum
1109 2150 1140 2176 et
1165 2157 1272 2185 carne,
1304 2146 1361 2177 sed
1385 2159 1484 2177 111111111
1509 2148 1577 2178 51110
1603 2147 1702 2178 altero
1728 2159 1798 2189 per-

151 2199 271 2230 fectum
296 2210 360 2229 non
385 2198 484 2229 efficit
508 2198 680 2229 hominem.
729 2198 817 2237 Quid
841 2199 926 2229 enim
952 2210 1027 2229 caro
1053 2199 1121 2230 sine
1146 2200 1255 2230 anima
1278 2200 1340 2230 nisi
1364 2200 1475 2231 terra?
1523 2201 1565 2231 Et
1590 2201 1667 2242 quid
1692 2202 1800 2232 anima

152 2253 221 2283 sine
253 2252 377 2283 carne?
424 2251 539 2282 Nonne
572 2251 728 2293 spiritus?
776 2252 881 2283 Homo
914 2252 998 2282 enim
1032 2263 1073 2283 ex
1104 2258 1239 2294 utroque
1273 2258 1304 2284 et
1327 2265 1391 2284 non
1417 2265 1457 2284 ex
1482 2266 1555 2285 uno.
1604 2254 1698 2285 Unde
1725 2255 1800 2296 quia

152 2305 337 2347 redemptor
367 2310 476 2336 noster
506 2305 685 2347 perfectum
710 2305 872 2336 hominem
897 2305 1076 2347 adsumpsit
1100 2306 1132 2336 in
1157 2306 1275 2344 Deum,
1306 2306 1428 2337 idcirco
1461 2318 1502 2337 cx
1527 2307 1652 2338 duabus
1677 2308 1799 2338 naturis

152 2359 259 2390 Deum
291 2364 323 2389 et
353 2358 515 2390 hominem
548 2358 747 2389 confitemur.
794 2358 868 2389 Non
900 2359 985 2389 enim
1017 2370 1092 2390 caro
1124 2359 1192 2389 sinc
1225 2360 1333 2390 anima
1364 2360 1508 2402 perfecta
1532 2361 1672 2391 humana
1696 2367 1801 2403 potest

153 2411 217 2443 dici
248 2412 438 2454 integraque
469 2418 592 2443 natura.
641 2411 723 2442 Nam
756 2424 828 2442 cum
860 2423 901 2443 ex
932 2411 1007 2443 limo
1037 2418 1142 2443 terrac
1167 2412 1258 2443 Deus
1282 2413 1429 2444 finxisset
1454 2413 1625 2453 hominem,
1656 2415 1799 2456 protinus

260 2505 274 2527 5
295 2504 396 2527 Mariae
415 2502 471 2527 1¹2.
530 2504 560 2527 10
581 2504 799 2527 commixtionem
816 2502 839 2526 I'
849 2506 870 2527 1.
927 2503 1089 2527 divisionem
1104 2502 1159 2528 Pl.
1217 2505 1248 2528 14
1262 2501 1295 2535 is]
1311 2504 1350 2528 his
1366 2504 1389 2528 Ι)
1402 2508 1421 2528 l.
1481 2506 1510 2529 15
1532 2509 1571 2529 est
1585 2504 1699 2536 alienus]
1714 2506 1750 2530 ila
1766 2505 1800 2535 Α11,

154 2547 258 2572 alienus
280 2551 319 2572 est
338 2548 392 2572 rell.
486 2549 515 2571 12³
537 2545 618 2578 filius]
638 2548 725 2579 supple
745 2551 793 2572 051,
880 2550 912 2572 20
940 2546 1061 2578 tradidit]
1085 2549 1173 2572 emisit
1193 2548 1247 2572 ΡΙ.
1334 2550 1367 2573 23
1387 2550 1457 2573 sicut
1477 2550 1577 2573 dictum
1598 2554 1637 2574 est
1656 2551 1745 2574 desunt
1766 2550 1800 2574 M.

153 2593 187 2617 24
206 2592 294 2623 gloria
316 2592 369 2616 l'2.
444 2593 476 2616 25
498 2590 664 2622 mediatoris]
687 2600 744 2615 esse
764 2592 824 2616 add.
849 2593 902 2616 ΡΙ.
977 2593 1008 2616 27
1030 2593 1181 2617 8011000101
1202 2592 1257 2617 Pl.
1326 2594 1358 2617 29
1379 2594 1503 2618 doctrina
1519 2593 1552 2618 ΙΙΙ.
1620 2594 1800 2625 simplicitatis

153 2633 270 2668 sincera]
291 2637 325 2661 ita
346 2636 380 2665 M,
400 2637 507 2661 sincera
522 2636 703 2668 simplicitatis
719 2637 771 2661 rell.
846 2639 878 2661 32
899 2634 982 2668 dicat]
1002 2646 1036 2660 (ιη
1055 2637 1184 2667 deflendum
1203 2641 1237 2661 est
1256 2638 1381 2662 dicatur?
1447 2639 1479 2661 34
1501 2636 1605 2669 nubilo]
1626 2638 1723 2662 nebulo
1746 2638 1800 2661 1¹1.

155 2681 217 2705 stilo
242 2681 263 2704 Ι)
275 2684 294 2704 1.
358 2678 473 2711 flavello]
493 2680 591 2705 favello
613 2681 668 2709 ΡΙ,
696 2681 802 2712 intelligse
822 2681 936 2705 flabello.
1000 2683 1033 2705 35
1056 2679 1171 2713 perfusa]
1193 2682 1244 2706 scil.
1265 2691 1348 2707 mens.
1411 2683 1443 2706 42
1464 2683 1536 2706 Deus
1557 2681 1687 2713 tinxissvtl
1710 2683 1744 2706 ita
1766 2682 1800 2711 Α11,

154 2725 275 2750 finxisset
294 2726 366 2749 Deus
386 2725 439 2750 rell.

266 2807 294 2840 l)
320 2807 364 2833 De
388 2807 598 2843 Apollinaris-tis
622 2807 661 2841 ‘f
690 2807 823 2841 AIadrisi,
850 2807 965 2834 Paulini
987 2817 1074 2843 opera
1100 2809 1154 2840 1:2;
1179 2818 1202 2834 ι).
1229 2808 1308 2835 etiam
1332 2818 1421 2844 supra
1441 2818 1472 2844 μ.
1495 2810 1545 2837 lli
1571 2810 1588 2835 Ι.
1607 2812 1653 2836 38.

212 2865 253 2884 [ὼ.
268 2864 366 2883 eoncilia
382 2864 409 2884 11,
1559 2871 1588 2892 15

1822 458 1899 479 Manu.
1909 459 1927 482 1,
1936 459 1969 478 20.

1821 564 1867 584 1011.
1876 565 1894 587 1,
1905 565 1937 584 14.

1820 1256 1837 1275 1,
1849 1255 1897 1275 Cur.
1908 1256 1927 1279 2,
1936 1256 1956 1274 8⁴

1820 1894 1854 1913 rs,
1865 1894 1897 1917 53,
1907 1893 1926 1912 6⁴
