2242 3085
274 1471 303 1491 cf.
313 1472 329 1491 l.
337 1471 395 1491 Tim,

306 1498 324 1520 G,
334 1498 367 1518 10.

410 111 472 139 3454
827 112 876 139 39.
915 112 1129 139 CONCILIUM
1155 111 1480 144 AQUISGRANENSE
1505 113 1540 139 A.
1563 112 1635 140 816.

516 206 619 236 LVII.
656 206 702 236 In
734 204 930 236 coneilio
963 204 1334 247 Carthaginensi,
1371 206 1406 236 si
1438 206 1510 248 qui
1541 205 1704 237 elerici
1735 205 1784 237 ab
1817 207 2048 249 episcopis

411 259 501 290 suis
538 259 726 300 promoti
763 258 1137 300 contempserint,
1177 269 1253 289 nee
1289 258 1389 289 illic
1424 264 1646 298 maneant,
1687 258 1799 290 unde
1834 259 2049 290 recedere

410 324 430 342 11
442 324 458 341 0
470 311 479 342 l
490 323 510 342 u
522 323 539 341 e
551 323 595 342 ru
607 323 627 342 n
639 318 650 342 t
661 336 667 347 .
698 317 718 342 t.
745 310 872 341 XXXI.
920 315 992 341 Item
1005 314 1012 330 ¹
1037 315 1152 350 placuit,
1183 320 1211 342 ut
1243 316 1410 350 quicumque
1440 315 1533 343 clerici
1558 316 1603 342 vel
1627 317 1735 343 diaconi
1759 325 1809 351 pro
1832 317 2050 344 necessitatibus

411 369 591 396 ecclesiarum
622 378 676 396 non
706 369 965 403 obtompenwerint
998 369 1120 403 episcopi
1153 370 1192 395 sui
1225 369 1416 395 voluntatibus
1447 378 1495 395 eos
1526 370 1560 396 ad
1591 369 1722 396 honorem
1754 370 1915 404 ampliorem
1945 370 1973 396 in
2000 379 2051 396 sua

411 423 532 449 ccclesia
555 431 730 457 promovere,
756 430 808 448 nec
833 421 888 448 illic
912 422 1070 449 ministrent
1095 422 1122 448 in
1146 423 1234 455 gradu
1259 431 1317 453 suo,
1342 422 1416 449 unde
1442 422 1578 449 recedere
1602 422 1762 449 noluerunt.
2068 431 2081 450 5

516 479 638 509 LVIII.
674 479 720 509 In
746 478 977 510 decretale
1010 490 1119 521 pape
1143 479 1325 518 Leonis,
1356 484 1400 510 ut
1430 478 1578 510 nullus
1610 478 1803 510 alienum
1836 479 2049 511 clericum

411 532 670 563 sollicitare
701 531 770 562 vel
794 537 947 562 tenere
971 538 1244 574 praesumat,
1277 543 1350 563 suo
1381 532 1594 574 episeopo
1619 543 1700 562 non
1723 533 2049 574 praeveniente

411 597 649 624 consensu,
679 590 699 616 t.
723 585 934 616 XXXVIIII.
974 588 1129 616 Alienum2
1153 590 1283 616 clericum
1308 590 1393 616 invito
1420 590 1550 624 episcopo
1579 590 1665 624 ipsius
1692 599 1774 617 nemo
1796 591 1940 625 suscipiat,
1969 599 2050 617 nemo

411 643 553 675 sollicitet,
579 643 629 669 nisi
655 642 727 669 forto
753 652 786 669 ex
811 643 913 677 placito
939 643 1062 669 caritatis
1094 643 1120 668 id
1153 643 1226 669 inter
1250 644 1365 669 dantem
1389 643 1632 677 accipientemque
1658 643 1816 670 conveniat.
1863 643 1934 670 Nam
1958 644 2050 678 gravis

411 697 526 723 iniuriae
551 705 615 723 reus
641 699 682 722 est
709 696 755 730 qui
779 696 814 722 de
839 696 933 722 fratris
958 696 1077 723 ecclesia
1101 696 1139 722 id.
1166 697 1239 730 quod
1266 700 1307 722 est
1332 696 1427 722 utilius
1451 700 1499 722 aut
1524 696 1684 730 pretiosius,
1709 697 1795 723 audet
1812 696 1857 723 vel
1874 697 1986 724 allicere
2005 697 2050 723 vel
2071 705 2097 723 ιο

411 754 521 776 tenere.
558 749 668 783 Itaque,
694 749 715 774 si
740 749 813 775 intra
837 749 1002 783 provintiam
1026 759 1071 775 res
1095 749 1198 783 agitur,
1223 749 1395 784 transfugam
1413 749 1544 775 clericum
1562 750 1596 775 ad
1618 749 1765 776 ecclesiam
1789 758 1865 776 suam
1890 750 2050 785 metropoli-

410 807 493 829 tanus
517 803 608 829 redire
634 802 786 837 conpellet.
835 802 863 828 Si
888 806 982 828 autem
1006 802 1115 835 longius
1139 803 1267 834 recessit,
1292 802 1333 828 tui
1356 803 1503 837 praecepti
1528 803 1696 829 auctoritate
1720 803 1909 835 revocabitur,
1940 807 1971 829 ut
1998 812 2051 829 nec

413 856 560 890 cupiditati
585 865 637 883 ne(-
661 856 802 882 ambitioni
828 855 935 882 ‹zm-casio
959 855 1143 889 relinquatur.

517 913 655 944 LVIIII.
692 913 737 943 In
762 912 979 943 Africano
1005 911 1221 951 coneilio,
1254 918 1296 943 ut
1326 912 1367 942 in
1397 912 1614 943 ecclesiis
1638 913 1853 944 convivia
1876 913 2051 944 minime

412 966 720 1005 celebrentur,
750 971 771 997 t.
790 965 897 996 VIIII.
945 967 1007 996 Ut3
1030 969 1099 995 nulli
1129 970 1252 1004 episcopi
1282 970 1327 996 vel
1356 970 1449 996 cleriei
1474 970 1500 996 in
1526 970 1646 997 eeclesia
1671 971 1863 1003 conviventur,
1896 971 1947 996 nisi
1977 971 2050 997 forte
2073 978 2098 997 1⁵

413 1028 591 1051 transeuntes
615 1024 796 1058 hospitiorum
821 1023 992 1049 necessitate
1018 1022 1073 1048 illic
1097 1022 1234 1049 reficiant.
1274 1023 1375 1057 Populi
1400 1023 1485 1049 etiam
1509 1024 1544 1049 ab
1567 1023 1724 1050 huiusmodi
1749 1024 1890 1056 conviviis
1917 1028 2051 1058 quantum

413 1078 472 1104 fieri
497 1080 603 1112 potest,
628 1077 840 1111 prohibeantur.

519 1134 591 1165 LX.
627 1134 673 1164 In
698 1133 971 1164 Laodicensi
997 1133 1213 1172 concilio,
1246 1133 1358 1175 quod
1388 1133 1536 1165 nullus
1565 1133 1987 1166 ecclesiastieorum
2011 1135 2053 1165 in

412 1194 452 1219 ta
463 1187 484 1218 b
495 1188 615 1218 ernis
647 1198 664 1218 C
676 1198 693 1218 0
705 1198 735 1217 ln
748 1186 824 1217 ede
836 1198 851 1216 l·
862 1197 878 1217 e
911 1186 932 1217 (I
942 1197 958 1217 e
969 1185 990 1216 b
1003 1198 1019 1217 e
1031 1197 1049 1217 a
1060 1192 1071 1217 t
1081 1211 1087 1222 .
1120 1192 1140 1217 t.
1166 1186 1310 1217 XXIIII.
1359 1190 1440 1221 Quod
1450 1189 1462 1206 4
1486 1200 1539 1218 non
1570 1195 1699 1226 oporteat
1723 1200 1800 1218 sacro
1824 1192 1977 1219 ministerio
2001 1193 2051 1219 de-

413 1247 485 1272 ditos
510 1255 526 1271 a
549 1245 731 1280 praesbiteris
755 1254 844 1278 usque
869 1245 904 1270 ad
929 1245 1059 1270 diaconos
1085 1248 1113 1270 et
1137 1244 1273 1278 reliquum
1299 1244 1521 1270 ecclesiasticum
1545 1245 1680 1277 ordinem,
1704 1245 1733 1271 id
1758 1249 1801 1271 est
1824 1254 1914 1279 usque
1935 1246 1969 1272 ad
1987 1246 2052 1272 sub-
2073 1252 2100 1271 20

413 1299 553 1327 diaconos.
580 1301 711 1330 lectores,
743 1301 882 1330 cantores,
916 1298 1067 1324 exorcistas
1093 1301 1121 1323 et
1146 1297 1271 1323 ostiarios
1304 1301 1332 1324 et
1362 1307 1395 1324 ex
1426 1306 1540 1324 numero
1568 1298 1770 1324 continentium
1795 1302 1823 1325 et
1848 1299 2052 1331 monachorum,

413 1352 522 1387 ingredi
547 1352 689 1378 tabernas.

518 1409 606 1439 LXI.
643 1409 689 1439 In
715 1408 1038 1449 Cartaginensi
1069 1407 1266 1439 concilio
1299 1407 1347 1438 de
1372 1408 1586 1447 avaritia,
1611 1413 1632 1439 t.
1650 1408 1690 1439 V.
1726 1411 1882 1440 Aurelius⁵
1906 1413 2053 1448 episcopus

412 1468 496 1493 dixit:
530 1467 672 1493 Avaritiae
699 1466 847 1500 cupiditas,
879 1475 960 1500 quam
984 1475 1076 1492 rerum
1100 1466 1220 1492 omnium
1244 1465 1378 1492 malarum
1401 1470 1518 1492 matrem
1543 1475 1605 1492 esse
1630 1475 1711 1493 nemo
1743 1467 1803 1500 quis
1835 1467 1957 1499 dubitet,
1988 1476 2052 1501 pro-

413 1521 477 1547 inde
503 1521 656 1547 inhibenda
681 1523 734 1551 est,
766 1528 801 1546 ne
829 1520 890 1553 quis
921 1519 1026 1545 alienos
1058 1519 1128 1545 fines
1160 1523 1277 1554 usurpet
1308 1523 1356 1545 aut
1386 1528 1438 1553 per
1466 1520 1618 1553 praemium
1643 1520 1775 1546 terminos
1799 1524 1910 1554 patrum
1934 1524 2054 1547 statutos
2073 1525 2100 1544 25

412 1574 604 1600 transcendat.
640 1573 700 1600 Nec
725 1573 834 1599 Omnino
859 1573 988 1607 cuiquam
1012 1573 1174 1599 clericorum
1198 1572 1281 1598 liceat
1307 1572 1342 1599 de
1368 1572 1495 1606 qualibet
1519 1582 1548 1599 re
1573 1572 1673 1599 foenus
1698 1573 1837 1607 accipere.
1879 1572 2053 1607 Quamquam

412 1627 541 1654 novellae
566 1627 771 1661 suggestiones,
805 1634 875 1660 quae
901 1625 946 1651 vel
970 1626 1106 1652 obscurae
1131 1629 1195 1651 sunt
1219 1625 1265 1651 vel
1288 1626 1339 1651 sub
1363 1634 1468 1660 genere
1492 1625 1595 1657 latent,
1627 1626 1771 1660 inspectae
1797 1635 1813 1652 a
1836 1627 1915 1653 nobis
1939 1626 2053 1652 formam

413 1681 562 1715 accipient,
589 1683 731 1706 caeterum
756 1679 791 1705 de
817 1679 917 1713 quibus
942 1679 1116 1713 apertissime
1142 1679 1274 1704 divinitus
1298 1679 1436 1712 scriptura
1459 1679 1565 1704 sancxit
1590 1687 1644 1705 non
1667 1682 1709 1705 est
1727 1679 1885 1706 differenda
1900 1680 2052 1712 sententia,

413 1734 462 1759 sed
493 1734 586 1768 potius
612 1733 800 1767 exsequenda.
845 1732 965 1758 Proinde
991 1732 1065 1766 quod
1089 1732 1116 1757 in
1140 1732 1216 1758 laicis
1240 1732 1468 1766 reprehenditur,
1500 1732 1527 1758 id
1559 1732 1646 1759 multo
1670 1733 1757 1767 magis
1782 1733 1869 1759 (lebet
1894 1733 1920 1759 in
1946 1733 2054 1759 clericis

413 1787 617 1821 praedamnari.
665 1786 833 1812 Universum
858 1785 1002 1811 concilium
1027 1785 1112 1810 dixit:
1146 1785 1233 1811 Nemo
1258 1788 1354 1811 contra
1377 1785 1557 1819 prophaetas,
1589 1794 1670 1812 nemo
1695 1790 1793 1812 contra
1817 1786 1963 1822 evangelia
1986 1786 2054 1812 facit
2074 1791 2100 1810 30

413 1841 472 1867 sine
496 1841 631 1875 periculo.

520 1927 606 1950 LVII.
639 1927 649 1949 1
673 1924 795 1949 conciliis
816 1925 847 1949 B.
916 1925 1103 1956 Cartaginensi
1126 1924 1154 1948 L.
1175 1925 1211 1951 ᾸΙ,
1233 1925 1434 1956 Cartaginensis
1454 1924 1486 1948 B.
1554 1926 1613 1956 quis
1633 1925 1664 1949 L.
1738 1927 1752 1949 3
1773 1930 1790 1949 t.
1804 1926 1892 1949 XXXI
1911 1926 2000 1950 desunt
2019 1926 2054 1950 ill.

416 1974 429 1995 4
451 1967 634 2001 ecclesiarum]
656 1969 900 1994 ecclesiasticarum
921 1970 966 1994 (JI
980 1969 1039 1993 add.
1060 1968 1160 1999 rerum)
1179 1969 1248 1993 codd.
1304 1970 1425 2001 episcopi
1438 1982 1473 1985 —
1486 1967 1675 2000 voluntatibus]
1694 1970 1730 1993 ita
1746 1970 1825 2000 codd„
1846 1971 1980 2002 episcopis
2000 1971 2054 1994 suis

415 2015 568 2039 volentibus
588 2015 664 2038 Dion.
686 2014 758 2045 Eriy.
832 2015 846 2037 5
867 2013 907 2037 illi
928 2013 960 2037 B.

521 2069 624 2091 LVIII.
655 2068 670 2091 6
690 2064 834 2097 decretale]
856 2066 954 2091 cretale
975 2066 1007 2095 B,
1028 2066 1157 2090 decretali
1178 2066 1213 2090 JI.
1274 2075 1341 2098 pape
1362 2064 1471 2097 Leonis]
1494 2067 1593 2090 Leonis
1613 2075 1699 2098 papae
1718 2067 1754 2090 M.
1829 2068 1841 2091 7
1863 2068 2054 2099 praeveniente
2075 2069 2102 2087 35

416 2110 558 2143 eonsensu]
580 2113 614 2136 ita
633 2112 664 2135 R.
684 2111 715 2135 L.
736 2111 767 2137 B,
788 2112 933 2143 pras-bento
955 2119 1115 2135 consensum
1135 2111 1170 2134 JI.
1194 2111 1267 2135 Dian.
1288 2111 1360 2142 liv-iffi
1433 2113 1447 2135 8
1468 2109 1639 2141 XXXVIIII]
1661 2111 1761 2135 XXXV
1780 2111 1816 2135 ΙΙΙ.
1883 2113 1914 2135 10
1934 2109 2054 2142 allicere]

416 2158 450 2181 ita
474 2157 546 2181 Dion.
568 2156 649 2187 Eri'q..
670 2157 777 2180 abicere
798 2155 829 2179 B.
849 2155 880 2184 L,
902 2156 1026 2179 abiecere
1046 2155 1078 2184 R,
1099 2156 1222 2186 accipere
1243 2155 1279 2179 ils.
1354 2156 1382 2178 11
1404 2152 1484 2185 intra]
1504 2156 1543 2179 int
1562 2155 1594 2178 R.
1667 2155 1700 2179 ad
1714 2168 1748 2171 —-
1762 2153 1847 2186 suam]
1868 2156 1903 2179 ita
1922 2155 1958 2180 M.
1978 2155 2055 2179 Dion.

420 2202 498 2233 lz'sigs..
519 2202 551 2225 de
573 2200 689 2225 ecelesia
709 2208 757 2224 sua
778 2200 808 2223 Iz’.
828 2200 859 2223 L.
879 2200 911 2223 R.
984 2199 1246 2231 metropoltit-{tanus
1267 2199 1300 2224 B.
1374 2200 1405 2223 12
1426 2196 1475 2230 tui]
1496 2200 1537 2223 sui
1559 2199 1589 2223 Iz'.
1665 2200 1696 2223 13
1717 2199 1864 2231 cupiditate
1884 2199 1916 2223 B.

523 2254 637 2277 LXIIII.
669 2255 700 2277 14
720 2254 841 2277 Africani
861 2253 891 2279 L.
918 2253 1054 2276 Ati'ricano
1075 2252 1107 2276 B.
1127 2252 1163 2276 Jl.
1249 2252 1366 2276 ecelesia
1386 2252 1416 2275 R.
1500 2253 1615 2276 conviva
1634 2252 1666 2276 B.
1750 2253 1781 2276 15
1801 2250 1964 2283 huiusmodi]
1984 2253 2053 2276 uius-

416 2299 486 2323 modi
511 2299 538 2322 12.
614 2300 643 2322 17
665 2299 839 2330 proibeantur
859 2297 888 2321 L.
2074 2302 2102 2320 40

522 2352 576 2375 LX.
609 2353 639 2375 18
666 2351 836 2375 Laudat-ensi
864 2350 895 2375 R.
915 2350 947 2379 B,
976 2351 1148 2374 Laudocensi
1168 2349 1199 2373 L.
1292 2351 1322 2373 19
1342 2353 1361 2373 t.
1380 2347 1498 2380 XXIIII]
1517 2352 1534 2374 t.
1549 2349 1638 2374 XXVI
1659 2349 1689 2378 R,
1716 2350 1805 2374 desunt
1823 2350 1860 2374 JJ.
1945 2351 1978 2374 20
1998 2350 2054 2373 dia-

416 2404 499 2420 conus
521 2396 551 2419 B.
634 2396 813 2419 subdiacones
834 2395 865 2421 B,
888 2398 913 2419 et
933 2394 1067 2426 reliquum
1088 2394 1304 2418 ecclesiasticum
1325 2394 1454 2421 ordinem,
1481 2394 1508 2417 id
1529 2397 1568 2417 est
1589 2402 1672 2425 usque
1693 2395 1727 2418 ad
1746 2395 1926 2418 subdiaconos
1945 2394 2003 2418 add.
2024 2393 2055 2417 L.

526 2449 591 2472 LXI.
622 2450 654 2472 23
675 2448 876 2479 cartaginensis
896 2448 927 2471 R.
993 2449 1025 2471 24
1046 2447 1177 2471 malorum
1198 2447 1229 2471 B.
1250 2447 1280 2471 L.
1306 2447 1372 2471 deest
1389 2447 1422 2471 B.
1485 2447 1543 2478 quis
1561 2446 1626 2470 deest
1645 2447 1681 2470 M.
1743 2447 1846 2471 dubitat
1866 2447 1901 2470 ill.
1963 2448 1995 2471 25
2015 2447 2054 2470 in-

417 2493 541 2517 habenda
561 2493 592 2517 Β.
649 2490 769 2524 usurpet]
792 2495 896 2523 usurpet
916 2492 948 2515 B.
1005 2493 1036 2516 27
1058 2492 1250 2523 suggessiones
1269 2491 1300 2516 J..
1321 2492 1515 2522 suggeseiones
1536 2491 1568 2515 B.
1623 2488 1683 2521 sub]
1702 2499 1750 2516 suo
1772 2491 1808 2515 Jl.
1863 2492 1896 2515 28
1915 2491 2002 2515 sanxit
2022 2490 2055 2514 B.

417 2539 448 2562 223
470 2537 629 2568 exequenda
650 2536 684 2560 Jl.
759 2539 791 2560 30
813 2536 984 2567 evangelium
1005 2536 1036 2560 B.
2074 2540 2102 2558 ⁴5

526 2628 554 2661 1)
582 2627 684 2654 (bnt-il.
712 2626 945 2662 Cartlmssinivus-e
969 2636 991 2653 ι’.
1009 2628 1063 2655 31.-
1089 2626 1187 2653 Mam-i
1204 2626 1258 2660 III,
1277 2626 1335 2654 7:29
1360 2623 1406 2661 (P.
1427 2623 1556 2662 p.1.<)9).
1632 2625 1662 2659 2)
1687 2625 1811 2652 Decreta
1837 2625 1938 2652 Leonis
1962 2634 1984 2652 c.
2002 2626 2054 2658 39,-

417 2681 555 2716 Jqffd-lx'.
589 2690 615 2707 11.
639 2680 695 2707 411
728 2679 773 2715 (l‘.
794 2690 825 2715 p.
848 2680 928 2715 462¹.
1044 2680 1072 2712 3,)
1107 2678 1210 2706 Concil.
1240 2678 1411 2713 Africanum
1444 2688 1465 2705 c.
1488 2680 1522 2711 9;
1560 2678 1658 2705 Jlmzsi
1688 2678 1742 2711 III,
1769 2679 1827 2706 735
1851 2676 1896 2714 (P.
1917 2688 1949 2714 Ρ.
1971 2675 2052 2714 213).

420 2734 448 2767 4)
483 2733 585 2761 (huvil.
613 2733 785 2760 Lnudlvmzse
809 2743 830 2758 ‹·.
856 2734 913 2761 24:
952 2732 1049 2759 Mami
1074 2732 1109 2765 II,
1136 2733 1192 2760 759
1218 2728 1263 2767 (P.
1285 2742 1316 2768 p.
1333 2729 1396 2768 80).
1512 2731 1541 2765 5)
1575 2730 1679 2758 Com-il.
1707 2730 1939 2768 Carthayiniensc
1971 2741 1992 2757 ι’.
2017 2732 2054 2764 5,·

420 2787 518 2813 Mami
542 2786 596 2819 III,
622 2787 676 2814 711
702 2784 748 2821 (P.
770 2796 800 2821 p.
820 2783 900 2821 187).
