<?xml version="1.0" encoding="UTF-8"?>
<!DOCTYPE html PUBLIC "-//W3C//DTD XHTML 1.0 Transitional//EN"
    "http://www.w3.org/TR/xhtml1/DTD/xhtml1-transitional.dtd">
<html xmlns="http://www.w3.org/1999/xhtml" xml:lang="en" lang="en">
 <head>
  <title>
</title>
<meta http-equiv="Content-Type" content="text/html;charset=utf-8" />
  <meta name='ocr-system' content='tesseract 3.04.00' />
  <meta name='ocr-capabilities' content='ocr_page ocr_carea ocr_par ocr_line ocrx_word'/>
</head>
<body>
  <div class='ocr_page' id='page_1' title='image "./s3monumentagerma02geseuoft_0084.png"; bbox 0 0 2242 3085; ppageno 0'>
   <div class='ocr_carea' id='block_1_1' title="bbox 430 142 1645 173">
    <p class='ocr_par' dir='ltr' id='par_1_1' title="bbox 430 142 1645 173">
     <span class='ocr_line' id='line_1_1' title="bbox 430 142 1645 173; baseline -0.003 -1"><span class='ocrx_word' id='word_1_1' title='bbox 430 144 470 173; x_wconf 82' lang='grc'>62</span> <span class='ocrx_word' id='word_1_2' title='bbox 860 143 907 169; x_wconf 94' lang='grc'>11.</span> <span class='ocrx_word' id='word_1_3' title='bbox 946 142 1163 170; x_wconf 81' lang='lat' dir='ltr'>CONCILIUM</span> <span class='ocrx_word' id='word_1_4' title='bbox 1188 142 1490 170; x_wconf 84' lang='lat' dir='ltr'>COMPENDIENSE</span> <span class='ocrx_word' id='word_1_5' title='bbox 1516 143 1550 169; x_wconf 84' lang='lat' dir='ltr'>A.</span> <span class='ocrx_word' id='word_1_6' title='bbox 1573 142 1645 169; x_wconf 74' lang='lat'>757.</span> 
     </span>
    </p>
   </div>
   <div class='ocr_carea' id='block_1_2' title="bbox 428 234 2084 1604">
    <p class='ocr_par' dir='ltr' id='par_1_2' title="bbox 428 234 2084 1604">
     <span class='ocr_line' id='line_1_2' title="bbox 429 234 2075 280; baseline -0.004 -12"><span class='ocrx_word' id='word_1_7' title='bbox 429 239 589 280; x_wconf 85' lang='lat' dir='ltr'>potuerint</span> <span class='ocrx_word' id='word_1_8' title='bbox 613 237 710 267; x_wconf 86' lang='lat' dir='ltr'>talem</span> <span class='ocrx_word' id='word_1_9' title='bbox 734 237 891 275; x_wconf 88' lang='lat' dir='ltr'>invenire,</span> <span class='ocrx_word' id='word_1_10' title='bbox 918 236 972 277; x_wconf 92' lang='lat' dir='ltr'>qui</span> <span class='ocrx_word' id='word_1_11' title='bbox 997 247 1052 266; x_wconf 85' lang='lat' dir='ltr'>eos</span> <span class='ocrx_word' id='word_1_12' title='bbox 1077 235 1268 275; x_wconf 80' lang='lat' dir='ltr'>regulariter</span> <span class='ocrx_word' id='word_1_13' title='bbox 1292 241 1393 277; x_wconf 79' lang='lat' dir='ltr'>regat,</span> <span class='ocrx_word' id='word_1_14' title='bbox 1425 241 1500 266; x_wconf 83' lang='lat' dir='ltr'>tunc</span> <span class='ocrx_word' id='word_1_15' title='bbox 1533 236 1601 276; x_wconf 87' lang='lat' dir='ltr'>ipse</span> <span class='ocrx_word' id='word_1_16' title='bbox 1635 234 1781 276; x_wconf 75' lang='lat' dir='ltr'>pontifex</span> <span class='ocrx_word' id='word_1_17' title='bbox 1812 244 1884 263; x_wconf 92' lang='lat' dir='ltr'>cum</span> <span class='ocrx_word' id='word_1_18' title='bbox 1917 242 2075 263; x_wconf 88' lang='lat' dir='ltr'>consensu</span> 
     </span>
     <span class='ocr_line' id='line_1_3' title="bbox 429 285 2075 330; baseline -0.004 -9"><span class='ocrx_word' id='word_1_19' title='bbox 429 296 460 321; x_wconf 86' lang='lat' dir='ltr'>ct</span> <span class='ocrx_word' id='word_1_20' title='bbox 484 291 648 321; x_wconf 79' lang='lat' dir='ltr'>voluntate</span> <span class='ocrx_word' id='word_1_21' title='bbox 674 301 784 320; x_wconf 89' lang='lat' dir='ltr'>eorum</span> <span class='ocrx_word' id='word_1_22' title='bbox 809 289 848 319; x_wconf 89' lang='lat' dir='ltr'>de</span> <span class='ocrx_word' id='word_1_23' title='bbox 874 288 936 319; x_wconf 87' lang='lat' dir='ltr'>alio</span> <span class='ocrx_word' id='word_1_24' title='bbox 961 289 1156 319; x_wconf 85' lang='lat' dir='ltr'>monasterio</span> <span class='ocrx_word' id='word_1_25' title='bbox 1183 289 1281 330; x_wconf 84' lang='lat' dir='ltr'>eligat</span> <span class='ocrx_word' id='word_1_26' title='bbox 1305 288 1467 327; x_wconf 77' lang='lat' dir='ltr'>abbatem,</span> <span class='ocrx_word' id='word_1_27' title='bbox 1492 289 1575 319; x_wconf 84' lang='lat' dir='ltr'>sicut</span> <span class='ocrx_word' id='word_1_28' title='bbox 1600 287 1748 329; x_wconf 90' lang='lat' dir='ltr'>superius</span> <span class='ocrx_word' id='word_1_29' title='bbox 1774 286 1925 324; x_wconf 88' lang='lat' dir='ltr'>diximus,</span> <span class='ocrx_word' id='word_1_30' title='bbox 1951 285 2005 326; x_wconf 92' lang='lat' dir='ltr'>qui</span> <span class='ocrx_word' id='word_1_31' title='bbox 2030 285 2075 314; x_wconf 85' lang='lat' dir='ltr'>eis</span> 
     </span>
     <span class='ocr_line' id='line_1_4' title="bbox 430 339 2077 385; baseline -0.004 -11"><span class='ocrx_word' id='word_1_32' title='bbox 430 343 621 385; x_wconf 78' lang='lat' dir='ltr'>regulariter</span> <span class='ocrx_word' id='word_1_33' title='bbox 646 347 676 373; x_wconf 88' lang='lat' dir='ltr'>et</span> <span class='ocrx_word' id='word_1_34' title='bbox 702 342 879 373; x_wconf 85' lang='lat' dir='ltr'>secundum</span> <span class='ocrx_word' id='word_1_35' title='bbox 905 341 1049 372; x_wconf 79' lang='lat' dir='ltr'>ordinem</span> <span class='ocrx_word' id='word_1_36' title='bbox 1075 342 1184 382; x_wconf 87' lang='lat' dir='ltr'>presit,</span> <span class='ocrx_word' id='word_1_37' title='bbox 1211 347 1243 372; x_wconf 93' lang='lat' dir='ltr'>et</span> <span class='ocrx_word' id='word_1_38' title='bbox 1266 346 1461 372; x_wconf 88' lang='lat' dir='ltr'>memoratus</span> <span class='ocrx_word' id='word_1_39' title='bbox 1486 340 1633 383; x_wconf 75' lang='lat' dir='ltr'><strong>pontifex</strong></span> <span class='ocrx_word' id='word_1_40' title='bbox 1658 341 1691 371; x_wconf 90' lang='lat' dir='ltr'>in</span> <span class='ocrx_word' id='word_1_41' title='bbox 1714 341 1784 381; x_wconf 85' lang='lat' dir='ltr'>ipso</span> <span class='ocrx_word' id='word_1_42' title='bbox 1807 339 2001 369; x_wconf 86' lang='lat' dir='ltr'>monasterio</span> <span class='ocrx_word' id='word_1_43' title='bbox 2019 348 2077 379; x_wconf 89' lang='lat' dir='ltr'>per</span> 
     </span>
     <span class='ocr_line' id='line_1_5' title="bbox 428 391 2075 437; baseline -0.003 -11"><span class='ocrx_word' id='word_1_44' title='bbox 428 396 549 427; x_wconf 91' lang='lat' dir='ltr'>nullum</span> <span class='ocrx_word' id='word_1_45' title='bbox 574 396 739 437; x_wconf 79' lang='lat' dir='ltr'>ingenium</span> <span class='ocrx_word' id='word_1_46' title='bbox 764 395 949 436; x_wconf 78' lang='lat' dir='ltr'>nullamque</span> <span class='ocrx_word' id='word_1_47' title='bbox 977 395 1181 425; x_wconf 75' lang='lat' dir='ltr'>occasionem</span> <span class='ocrx_word' id='word_1_48' title='bbox 1206 400 1261 425; x_wconf 91' lang='lat' dir='ltr'>aut</span> <span class='ocrx_word' id='word_1_49' title='bbox 1278 394 1489 436; x_wconf 80' lang='lat' dir='ltr'>cupiditatem</span> <span class='ocrx_word' id='word_1_50' title='bbox 1513 393 1691 436; x_wconf 81' lang='lat' dir='ltr'>quemlibet</span> <span class='ocrx_word' id='word_1_51' title='bbox 1708 392 1859 423; x_wconf 79' lang='lat' dir='ltr'>abbatem</span> <span class='ocrx_word' id='word_1_52' title='bbox 1877 393 1990 431; x_wconf 87' lang='lat' dir='ltr'>mittat,</span> <span class='ocrx_word' id='word_1_53' title='bbox 2015 391 2075 421; x_wconf 91' lang='lat' dir='ltr'>nisi</span> 
     </span>
     <span class='ocr_line' id='line_1_6' title="bbox 430 445 2077 491; baseline -0.004 -11"><span class='ocrx_word' id='word_1_54' title='bbox 430 450 483 491; x_wconf 90' lang='lat' dir='ltr'>qui</span> <span class='ocrx_word' id='word_1_55' title='bbox 509 460 563 479; x_wconf 84' lang='lat' dir='ltr'>eos</span> <span class='ocrx_word' id='word_1_56' title='bbox 589 448 766 479; x_wconf 80' lang='lat' dir='ltr'>secundum</span> <span class='ocrx_word' id='word_1_57' title='bbox 792 447 937 478; x_wconf 87' lang='lat' dir='ltr'>ordinem</span> <span class='ocrx_word' id='word_1_58' title='bbox 963 452 1111 478; x_wconf 84' lang='lat' dir='ltr'>sanctum</span> <span class='ocrx_word' id='word_1_59' title='bbox 1136 453 1243 489; x_wconf 78' lang='lat' dir='ltr'>regat3</span> <span class='ocrx_word' id='word_1_60' title='bbox 1270 453 1302 478; x_wconf 89' lang='lat' dir='ltr'>et</span> <span class='ocrx_word' id='word_1_61' title='bbox 1327 449 1353 478; x_wconf 90' lang='lat' dir='ltr'>si</span> <span class='ocrx_word' id='word_1_62' title='bbox 1370 448 1439 489; x_wconf 88' lang='lat' dir='ltr'>ipse</span> <span class='ocrx_word' id='word_1_63' title='bbox 1457 447 1604 489; x_wconf 83' lang='lat' dir='ltr'>pontifex</span> <span class='ocrx_word' id='word_1_64' title='bbox 1623 452 1677 477; x_wconf 83' lang='lat' dir='ltr'>aut</span> <span class='ocrx_word' id='word_1_65' title='bbox 1695 445 1839 488; x_wconf 84' lang='lat' dir='ltr'>quelibet</span> <span class='ocrx_word' id='word_1_66' title='bbox 1855 445 1918 476; x_wconf 86' lang='lat' dir='ltr'>alia</span> <span class='ocrx_word' id='word_1_67' title='bbox 1934 449 2077 486; x_wconf 89' lang='lat' dir='ltr'>potestas</span> 
     </span>
     <span class='ocr_line' id='line_1_7' title="bbox 429 498 2077 539; baseline -0.003 -7"><span class='ocrx_word' id='word_1_68' title='bbox 429 502 521 532; x_wconf 84' lang='lat' dir='ltr'>aliter</span> <span class='ocrx_word' id='word_1_69' title='bbox 545 502 667 537; x_wconf 77' lang='lat' dir='ltr'>feccrit,</span> <span class='ocrx_word' id='word_1_70' title='bbox 693 502 725 531; x_wconf 92' lang='lat' dir='ltr'>in</span> <span class='ocrx_word' id='word_1_71' title='bbox 750 501 859 531; x_wconf 87' lang='lat' dir='ltr'>divino</span> <span class='ocrx_word' id='word_1_72' title='bbox 886 500 1031 538; x_wconf 81' lang='lat' dir='ltr'>districto</span> <span class='ocrx_word' id='word_1_73' title='bbox 1056 500 1170 531; x_wconf 90' lang='lat' dir='ltr'>iuditio</span> <span class='ocrx_word' id='word_1_74' title='bbox 1196 506 1269 531; x_wconf 88' lang='lat' dir='ltr'>ante</span> <span class='ocrx_word' id='word_1_75' title='bbox 1287 501 1351 531; x_wconf 89' lang='lat' dir='ltr'>Dei</span> <span class='ocrx_word' id='word_1_76' title='bbox 1377 500 1486 531; x_wconf 86' lang='lat' dir='ltr'>oculos</span> <span class='ocrx_word' id='word_1_77' title='bbox 1512 512 1584 531; x_wconf 86' lang='lat' dir='ltr'>cum</span> <span class='ocrx_word' id='word_1_78' title='bbox 1609 499 1793 530; x_wconf 81' lang='lat' dir='ltr'>beatissimo</span> <span class='ocrx_word' id='word_1_79' title='bbox 1811 499 1908 529; x_wconf 86' lang='lat' dir='ltr'>Petro</span> <span class='ocrx_word' id='word_1_80' title='bbox 1931 498 2077 539; x_wconf 80' lang='lat' dir='ltr'>principe</span> 
     </span>
     <span class='ocr_line' id='line_1_8' title="bbox 429 550 2078 597; baseline -0.003 -12"><span class='ocrx_word' id='word_1_81' title='bbox 429 555 645 597; x_wconf 85' lang='lat' dir='ltr'>apostolorum</span> <span class='ocrx_word' id='word_1_82' title='bbox 672 559 701 584; x_wconf 92' lang='lat' dir='ltr'>ct</span> <span class='ocrx_word' id='word_1_83' title='bbox 728 559 838 584; x_wconf 85' lang='lat' dir='ltr'>sancto</span> <span class='ocrx_word' id='word_1_84' title='bbox 864 553 1113 594; x_wconf 84' lang='lat' dir='ltr'>prothomartire</span> <span class='ocrx_word' id='word_1_85' title='bbox 1132 553 1297 595; x_wconf 86' lang='lat' dir='ltr'>Stephano</span> <span class='ocrx_word' id='word_1_86' title='bbox 1323 553 1441 584; x_wconf 81' lang='lat' dir='ltr'>exinde</span> <span class='ocrx_word' id='word_1_87' title='bbox 1466 553 1581 584; x_wconf 81' lang='lat' dir='ltr'>reddet</span> <span class='ocrx_word' id='word_1_88' title='bbox 1604 553 1778 591; x_wconf 77' lang='lat' dir='ltr'>rationem3</span> <span class='ocrx_word' id='word_1_89' title='bbox 1805 551 1858 582; x_wconf 76' lang='lat' dir='ltr'>et*</span> <span class='ocrx_word' id='word_1_90' title='bbox 1884 551 1910 581; x_wconf 88' lang='lat' dir='ltr'>si</span> <span class='ocrx_word' id='word_1_91' title='bbox 1934 550 2078 592; x_wconf 84' lang='lat' dir='ltr'>prefatus</span> 
     </span>
     <span class='ocr_line' id='line_1_9' title="bbox 429 604 2078 650; baseline -0.003 -12"><span class='ocrx_word' id='word_1_92' title='bbox 429 608 575 650; x_wconf 84' lang='lat' dir='ltr'>pontifex</span> <span class='ocrx_word' id='word_1_93' title='bbox 607 619 664 649; x_wconf 77' lang='lat' dir='ltr'>pro</span> <span class='ocrx_word' id='word_1_94' title='bbox 696 606 854 637; x_wconf 87' lang='lat' dir='ltr'>lucranda</span> <span class='ocrx_word' id='word_1_95' title='bbox 879 607 1024 636; x_wconf 89' lang='lat' dir='ltr'>oratione</span> <span class='ocrx_word' id='word_1_96' title='bbox 1054 612 1111 636; x_wconf 88' lang='lat' dir='ltr'>aut</span> <span class='ocrx_word' id='word_1_97' title='bbox 1135 607 1319 638; x_wconf 79' lang='lat' dir='ltr'>visitatione</span> <span class='ocrx_word' id='word_1_98' title='bbox 1345 606 1489 645; x_wconf 82' lang='lat' dir='ltr'>fratrum,</span> <span class='ocrx_word' id='word_1_99' title='bbox 1523 606 1651 647; x_wconf 86' lang='lat' dir='ltr'>quando</span> <span class='ocrx_word' id='word_1_100' title='bbox 1684 606 1713 635; x_wconf 90' lang='grc'>01</span> <span class='ocrx_word' id='word_1_101' title='bbox 1744 605 1912 647; x_wconf 81' lang='lat' dir='ltr'>placuerit,</span> <span class='ocrx_word' id='word_1_102' title='bbox 1944 604 1977 634; x_wconf 91' lang='lat' dir='ltr'>in</span> <span class='ocrx_word' id='word_1_103' title='bbox 2009 604 2078 645; x_wconf 80' lang='lat' dir='ltr'>ipso</span> 
     </span>
     <span class='ocr_line' id='line_1_10' title="bbox 429 656 2078 701; baseline -0.004 -9"><span class='ocrx_word' id='word_1_104' title='bbox 429 661 624 692; x_wconf 78' lang='lat' dir='ltr'>monasterio</span> <span class='ocrx_word' id='word_1_105' title='bbox 651 661 775 690; x_wconf 83' lang='lat' dir='ltr'>venerit</span> <span class='ocrx_word' id='word_1_106' title='bbox 800 659 852 689; x_wconf 76' lang='lat' dir='ltr'>vel</span> <span class='ocrx_word' id='word_1_107' title='bbox 877 659 1018 700; x_wconf 85' lang='lat' dir='ltr'>aliquam</span> <span class='ocrx_word' id='word_1_108' title='bbox 1044 671 1165 689; x_wconf 89' lang='lat' dir='ltr'>moram</span> <span class='ocrx_word' id='word_1_109' title='bbox 1190 671 1248 701; x_wconf 80' lang='lat' dir='ltr'>pro</span> <span class='ocrx_word' id='word_1_110' title='bbox 1273 659 1438 690; x_wconf 83' lang='lat' dir='ltr'>lucrandis</span> <span class='ocrx_word' id='word_1_111' title='bbox 1463 658 1632 689; x_wconf 74' lang='lat' dir='ltr'>animabus</span> <span class='ocrx_word' id='word_1_112' title='bbox 1657 658 1779 696; x_wconf 84' lang='lat' dir='ltr'>fecerit,</span> <span class='ocrx_word' id='word_1_113' title='bbox 1806 669 1877 688; x_wconf 89' lang='lat' dir='ltr'>cum</span> <span class='ocrx_word' id='word_1_114' title='bbox 1904 656 2022 687; x_wconf 78' lang='lat' dir='ltr'>exinde</span> <span class='ocrx_word' id='word_1_115' title='bbox 2046 657 2078 686; x_wconf 91' lang='lat' dir='ltr'>in</span> 
     </span>
     <span class='ocr_line' id='line_1_11' title="bbox 429 711 2078 754; baseline -0.003 -9"><span class='ocrx_word' id='word_1_116' title='bbox 429 714 493 745; x_wconf 88' lang='lat' dir='ltr'>Dei</span> <span class='ocrx_word' id='word_1_117' title='bbox 518 714 646 744; x_wconf 75' lang='lat' dir='ltr'>nominc</span> <span class='ocrx_word' id='word_1_118' title='bbox 671 713 739 743; x_wconf 84' lang='lat' dir='ltr'>vult</span> <span class='ocrx_word' id='word_1_119' title='bbox 764 712 884 743; x_wconf 85' lang='lat' dir='ltr'>habere</span> <span class='ocrx_word' id='word_1_120' title='bbox 909 723 1104 753; x_wconf 74' lang='lat' dir='ltr'>regressum,</span> <span class='ocrx_word' id='word_1_121' title='bbox 1137 712 1259 754; x_wconf 86' lang='lat' dir='ltr'>absque</span> <span class='ocrx_word' id='word_1_122' title='bbox 1292 712 1356 743; x_wconf 90' lang='lat' dir='ltr'>ullo</span> <span class='ocrx_word' id='word_1_123' title='bbox 1388 723 1521 742; x_wconf 89' lang='lat' dir='ltr'>munere</span> <span class='ocrx_word' id='word_1_124' title='bbox 1553 717 1680 742; x_wconf 90' lang='lat' dir='ltr'>terreno</span> <span class='ocrx_word' id='word_1_125' title='bbox 1710 711 1863 753; x_wconf 85' lang='lat' dir='ltr'>requisito</span> <span class='ocrx_word' id='word_1_126' title='bbox 1888 715 2078 748; x_wconf 86' lang='lat' dir='ltr'>revertatur,</span> 
     </span>
     <span class='ocr_line' id='line_1_12' title="bbox 432 762 2079 808; baseline -0.002 -12"><span class='ocrx_word' id='word_1_127' title='bbox 432 767 569 808; x_wconf 86' lang='lat' dir='ltr'>qualiter</span> <span class='ocrx_word' id='word_1_128' title='bbox 594 766 751 803; x_wconf 83' lang='lat' dir='ltr'>monachi,</span> <span class='ocrx_word' id='word_1_129' title='bbox 778 766 833 807; x_wconf 85' lang='lat' dir='ltr'>qui</span> <span class='ocrx_word' id='word_1_130' title='bbox 859 765 992 795; x_wconf 86' lang='lat' dir='ltr'>solitarii</span> <span class='ocrx_word' id='word_1_131' title='bbox 1017 771 1254 806; x_wconf 83' lang='lat' dir='ltr'>nuncupantur,</span> <span class='ocrx_word' id='word_1_132' title='bbox 1289 765 1327 796; x_wconf 92' lang='lat' dir='ltr'>dc</span> <span class='ocrx_word' id='word_1_133' title='bbox 1359 765 1508 806; x_wconf 84' lang='lat' dir='ltr'>profectu</span> <span class='ocrx_word' id='word_1_134' title='bbox 1533 765 1650 806; x_wconf 85' lang='lat' dir='ltr'>quietis</span> <span class='ocrx_word' id='word_1_135' title='bbox 1676 764 1727 795; x_wconf 90' lang='lat' dir='ltr'>vel</span> <span class='ocrx_word' id='word_1_136' title='bbox 1753 764 1924 794; x_wconf 73' lang='lat' dir='ltr'>securitate</span> <span class='ocrx_word' id='word_1_137' title='bbox 1949 762 2079 793; x_wconf 76' lang='lat' dir='ltr'>valeant</span> 
     </span>
     <span class='ocr_line' id='line_1_13' title="bbox 431 817 2078 861; baseline -0.003 -11"><span class='ocrx_word' id='word_1_138' title='bbox 431 820 571 850; x_wconf 75' lang='lat' dir='ltr'>Domino</span> <span class='ocrx_word' id='word_1_139' title='bbox 597 824 786 861; x_wconf 75' lang='lat' dir='ltr'>protegente</span> <span class='ocrx_word' id='word_1_140' title='bbox 811 830 869 860; x_wconf 89' lang='lat' dir='ltr'>per</span> <span class='ocrx_word' id='word_1_141' title='bbox 893 818 990 859; x_wconf 81' lang='lat' dir='ltr'>longa</span> <span class='ocrx_word' id='word_1_142' title='bbox 1014 823 1160 859; x_wconf 87' lang='lat' dir='ltr'>tempora</span> <span class='ocrx_word' id='word_1_143' title='bbox 1185 818 1329 849; x_wconf 79' lang='lat' dir='ltr'>exultare</span> <span class='ocrx_word' id='word_1_144' title='bbox 1355 824 1386 848; x_wconf 90' lang='lat' dir='ltr'>et</span> <span class='ocrx_word' id='word_1_145' title='bbox 1411 817 1470 848; x_wconf 83' lang='lat' dir='ltr'>sub</span> <span class='ocrx_word' id='word_1_146' title='bbox 1495 822 1607 848; x_wconf 86' lang='lat' dir='ltr'>sancta</span> <span class='ocrx_word' id='word_1_147' title='bbox 1632 817 1744 858; x_wconf 82' lang='lat' dir='ltr'>regula</span> <span class='ocrx_word' id='word_1_148' title='bbox 1762 818 1908 847; x_wconf 89' lang='lat' dir='ltr'>viventes</span> <span class='ocrx_word' id='word_1_149' title='bbox 1925 828 1982 858; x_wconf 91' lang='lat' dir='ltr'>pro</span> <span class='ocrx_word' id='word_1_150' title='bbox 2008 827 2078 857; x_wconf 85' lang='lat' dir='ltr'>pro-</span> 
     </span>
     <span class='ocr_line' id='line_1_14' title="bbox 430 869 2079 913; baseline -0.002 -11"><span class='ocrx_word' id='word_1_151' title='bbox 430 874 518 903; x_wconf 89' lang='lat' dir='ltr'>fectu</span> <span class='ocrx_word' id='word_1_152' title='bbox 543 872 679 903; x_wconf 74' lang='lat' dir='ltr'>ecclesie</span> <span class='ocrx_word' id='word_1_153' title='bbox 705 878 735 902; x_wconf 90' lang='lat' dir='ltr'>ct</span> <span class='ocrx_word' id='word_1_154' title='bbox 761 871 861 902; x_wconf 86' lang='lat' dir='ltr'>salute</span> <span class='ocrx_word' id='word_1_155' title='bbox 888 871 973 912; x_wconf 77' lang='lat' dir='ltr'>regis</span> <span class='ocrx_word' id='word_1_156' title='bbox 998 871 1049 901; x_wconf 80' lang='lat' dir='ltr'>vel</span> <span class='ocrx_word' id='word_1_157' title='bbox 1075 872 1177 912; x_wconf 90' lang='lat' dir='ltr'>patrie</span> <span class='ocrx_word' id='word_1_158' title='bbox 1202 871 1333 902; x_wconf 83' lang='lat' dir='ltr'>valeant</span> <span class='ocrx_word' id='word_1_159' title='bbox 1356 871 1482 913; x_wconf 81' lang='lat' dir='ltr'>plenius</span> <span class='ocrx_word' id='word_1_160' title='bbox 1501 871 1634 901; x_wconf 89' lang='lat' dir='ltr'>Domini</span> <span class='ocrx_word' id='word_1_161' title='bbox 1650 869 1906 901; x_wconf 85' lang='lat' dir='ltr'>misericordiam</span> <span class='ocrx_word' id='word_1_162' title='bbox 1926 875 1956 900; x_wconf 89' lang='lat' dir='ltr'>ct</span> <span class='ocrx_word' id='word_1_163' title='bbox 1980 875 2079 900; x_wconf 83' lang='lat' dir='ltr'>atten-</span> 
     </span>
     <span class='ocr_line' id='line_1_15' title="bbox 431 921 2080 967; baseline -0.002 -11"><span class='ocrx_word' id='word_1_164' title='bbox 431 927 494 956; x_wconf 91' lang='lat' dir='ltr'>tius</span> <span class='ocrx_word' id='word_1_165' title='bbox 520 925 704 967; x_wconf 71' lang='lat' dir='ltr'>deprecari,</span> <span class='ocrx_word' id='word_1_166' title='bbox 737 930 769 955; x_wconf 84' lang='lat' dir='ltr'>et</span> <span class='ocrx_word' id='word_1_167' title='bbox 800 925 837 963; x_wconf 86' lang='lat' dir='ltr'>si,</span> <span class='ocrx_word' id='word_1_168' title='bbox 870 924 957 965; x_wconf 89' lang='lat' dir='ltr'>quod</span> <span class='ocrx_word' id='word_1_169' title='bbox 982 923 1075 963; x_wconf 85' lang='lat' dir='ltr'>absit,</span> <span class='ocrx_word' id='word_1_170' title='bbox 1108 925 1168 965; x_wconf 90' lang='lat' dir='ltr'>ipsi</span> <span class='ocrx_word' id='word_1_171' title='bbox 1193 925 1343 955; x_wconf 88' lang='lat' dir='ltr'>monachi</span> <span class='ocrx_word' id='word_1_172' title='bbox 1375 924 1414 955; x_wconf 83' lang='grc'>(10</span> <span class='ocrx_word' id='word_1_173' title='bbox 1448 935 1558 954; x_wconf 91' lang='lat' dir='ltr'>eorum</span> <span class='ocrx_word' id='word_1_174' title='bbox 1582 923 1695 965; x_wconf 82' lang='lat' dir='ltr'>regula</span> <span class='ocrx_word' id='word_1_175' title='bbox 1719 928 1773 954; x_wconf 89' lang='lat' dir='ltr'>aut</span> <span class='ocrx_word' id='word_1_176' title='bbox 1797 922 1954 963; x_wconf 86' lang='lat' dir='ltr'>religione</span> <span class='ocrx_word' id='word_1_177' title='bbox 1979 921 2080 964; x_wconf 87' lang='lat' dir='ltr'>tepidi</span> 
     </span>
     <span class='ocr_line' id='line_1_16' title="bbox 434 976 2080 1019; baseline -0.002 -10"><span class='ocrx_word' id='word_1_178' title='bbox 434 984 489 1009; x_wconf 86' lang='lat' dir='ltr'>aut</span> <span class='ocrx_word' id='word_1_179' title='bbox 512 978 714 1019; x_wconf 80' lang='lat' dir='ltr'>negligentes</span> <span class='ocrx_word' id='word_1_180' title='bbox 739 978 859 1019; x_wconf 91' lang='lat' dir='ltr'>reperti</span> <span class='ocrx_word' id='word_1_181' title='bbox 883 977 1012 1016; x_wconf 85' lang='lat' dir='ltr'>fuerint,</span> <span class='ocrx_word' id='word_1_182' title='bbox 1042 977 1219 1008; x_wconf 86' lang='lat' dir='ltr'>secundum</span> <span class='ocrx_word' id='word_1_183' title='bbox 1245 989 1355 1009; x_wconf 90' lang='lat' dir='ltr'>eorum</span> <span class='ocrx_word' id='word_1_184' title='bbox 1379 977 1544 1019; x_wconf 82' lang='lat' dir='ltr'>regulam¹</span> <span class='ocrx_word' id='word_1_185' title='bbox 1570 976 1610 1007; x_wconf 90' lang='lat' dir='ltr'>ab</span> <span class='ocrx_word' id='word_1_186' title='bbox 1637 976 1754 1007; x_wconf 85' lang='lat' dir='ltr'>abbate</span> <span class='ocrx_word' id='word_1_187' title='bbox 1781 988 1837 1007; x_wconf 87' lang='lat' dir='ltr'>suo</span> <span class='ocrx_word' id='word_1_188' title='bbox 1863 976 2080 1017; x_wconf 72' lang='lat' dir='ltr'>corrigentur,</span> 
     </span>
     <span class='ocr_line' id='line_1_17' title="bbox 434 1028 2082 1072; baseline -0.002 -10"><span class='ocrx_word' id='word_1_189' title='bbox 434 1033 483 1062; x_wconf 91' lang='lat' dir='ltr'>sin</span> <span class='ocrx_word' id='word_1_190' title='bbox 503 1037 611 1062; x_wconf 86' lang='lat' dir='ltr'>autem</span> <span class='ocrx_word' id='word_1_191' title='bbox 635 1032 704 1072; x_wconf 82' lang='lat' dir='ltr'>ipsc</span> <span class='ocrx_word' id='word_1_192' title='bbox 730 1030 831 1061; x_wconf 88' lang='lat' dir='ltr'>abbas</span> <span class='ocrx_word' id='word_1_193' title='bbox 858 1042 921 1060; x_wconf 90' lang='lat' dir='ltr'>non</span> <span class='ocrx_word' id='word_1_194' title='bbox 946 1030 1101 1071; x_wconf 78' lang='lat' dir='ltr'>prevalet,</span> <span class='ocrx_word' id='word_1_195' title='bbox 1127 1036 1203 1061; x_wconf 83' lang='lat' dir='ltr'>tunc</span> <span class='ocrx_word' id='word_1_196' title='bbox 1220 1031 1364 1072; x_wconf 85' lang='lat' dir='ltr'>prefatus</span> <span class='ocrx_word' id='word_1_197' title='bbox 1382 1030 1528 1072; x_wconf 84' lang='lat' dir='ltr'>pontifex</span> <span class='ocrx_word' id='word_1_198' title='bbox 1546 1030 1719 1061; x_wconf 83' lang='lat' dir='ltr'>cohercere</span> <span class='ocrx_word' id='word_1_199' title='bbox 1738 1029 1865 1068; x_wconf 87' lang='lat' dir='ltr'>debeat,</span> <span class='ocrx_word' id='word_1_200' title='bbox 1891 1030 1967 1071; x_wconf 85' lang='lat' dir='ltr'>quia</span> <span class='ocrx_word' id='word_1_201' title='bbox 1984 1028 2082 1059; x_wconf 87' lang='lat' dir='ltr'>nichil</span> 
     </span>
     <span class='ocr_line' id='line_1_18' title="bbox 434 1081 2081 1126; baseline -0.002 -11"><span class='ocrx_word' id='word_1_202' title='bbox 434 1085 473 1116; x_wconf 90' lang='lat' dir='ltr'>de</span> <span class='ocrx_word' id='word_1_203' title='bbox 499 1085 655 1115; x_wconf 86' lang='lat' dir='ltr'>canonica</span> <span class='ocrx_word' id='word_1_204' title='bbox 681 1084 871 1114; x_wconf 84' lang='lat' dir='ltr'>auctoritate</span> <span class='ocrx_word' id='word_1_205' title='bbox 897 1083 1099 1122; x_wconf 81' lang='lat' dir='ltr'>convellitur,</span> <span class='ocrx_word' id='word_1_206' title='bbox 1125 1084 1281 1126; x_wconf 87' lang='lat' dir='ltr'>quicquid</span> <span class='ocrx_word' id='word_1_207' title='bbox 1306 1084 1345 1114; x_wconf 89' lang='lat' dir='ltr'>de</span> <span class='ocrx_word' id='word_1_208' title='bbox 1370 1083 1576 1125; x_wconf 86' lang='lat' dir='ltr'>pontificibus</span> <span class='ocrx_word' id='word_1_209' title='bbox 1600 1083 1676 1114; x_wconf 82' lang='lat' dir='ltr'>fidei</span> <span class='ocrx_word' id='word_1_210' title='bbox 1702 1094 1759 1125; x_wconf 91' lang='lat' dir='ltr'>pro</span> <span class='ocrx_word' id='word_1_211' title='bbox 1781 1083 1887 1124; x_wconf 89' lang='lat' dir='ltr'>quiete</span> <span class='ocrx_word' id='word_1_212' title='bbox 1904 1081 2081 1124; x_wconf 86' lang='lat' dir='ltr'>tranquilli-</span> 
     </span>
     <span class='ocr_line' id='line_1_19' title="bbox 434 1135 2083 1178; baseline -0.001 -10"><span class='ocrx_word' id='word_1_213' title='bbox 434 1138 508 1168; x_wconf 80' lang='lat' dir='ltr'>tatis</span> <span class='ocrx_word' id='word_1_214' title='bbox 533 1137 699 1168; x_wconf 87' lang='lat' dir='ltr'>tribuetur.</span> <span class='ocrx_word' id='word_1_215' title='bbox 748 1137 828 1167; x_wconf 76' lang='lat' dir='ltr'>Et**</span> <span class='ocrx_word' id='word_1_216' title='bbox 852 1142 886 1166; x_wconf 91' lang='lat' dir='ltr'>ut</span> <span class='ocrx_word' id='word_1_217' title='bbox 911 1136 971 1166; x_wconf 82' lang='lat' dir='ltr'>hoc</span> <span class='ocrx_word' id='word_1_218' title='bbox 996 1136 1096 1167; x_wconf 90' lang='lat' dir='ltr'>firmis</span> <span class='ocrx_word' id='word_1_219' title='bbox 1121 1136 1275 1167; x_wconf 74' lang='lat' dir='ltr'>subsistat</span> <span class='ocrx_word' id='word_1_220' title='bbox 1299 1136 1476 1178; x_wconf 52' lang='lat' dir='ltr'>vigoribus,</span> <span class='ocrx_word' id='word_1_221' title='bbox 1509 1142 1540 1167; x_wconf 91' lang='lat' dir='ltr'>et</span> <span class='ocrx_word' id='word_1_222' title='bbox 1564 1148 1621 1167; x_wconf 88' lang='lat' dir='ltr'>nos</span> <span class='ocrx_word' id='word_1_223' title='bbox 1647 1142 1677 1167; x_wconf 89' lang='lat' dir='ltr'>et</span> <span class='ocrx_word' id='word_1_224' title='bbox 1703 1142 1811 1178; x_wconf 86' lang='lat' dir='ltr'>patres</span> <span class='ocrx_word' id='word_1_225' title='bbox 1835 1136 1936 1166; x_wconf 84' lang='lat' dir='ltr'>nostri</span> <span class='ocrx_word' id='word_1_226' title='bbox 1961 1135 2083 1166; x_wconf 86' lang='lat' dir='ltr'>domini</span> 
     </span>
     <span class='ocr_line' id='line_1_20' title="bbox 437 1189 2081 1232; baseline -0.001 -11"><span class='ocrx_word' id='word_1_227' title='bbox 437 1191 580 1232; x_wconf 85' lang='lat' dir='ltr'>episcopi</span> <span class='ocrx_word' id='word_1_228' title='bbox 610 1192 641 1220; x_wconf 89' lang='grc'>111</span> <span class='ocrx_word' id='word_1_229' title='bbox 673 1190 796 1231; x_wconf 81' lang='lat' dir='ltr'>synodo</span> <span class='ocrx_word' id='word_1_230' title='bbox 829 1189 1099 1230; x_wconf 85' lang='lat' dir='ltr'>subscriptionem</span> <span class='ocrx_word' id='word_1_231' title='bbox 1136 1189 1284 1220; x_wconf 84' lang='lat' dir='ltr'>manibus</span> <span class='ocrx_word' id='word_1_232' title='bbox 1316 1190 1432 1220; x_wconf 88' lang='lat' dir='ltr'>nostris</span> <span class='ocrx_word' id='word_1_233' title='bbox 1465 1190 1669 1221; x_wconf 87' lang='lat' dir='ltr'>decrevimus</span> <span class='ocrx_word' id='word_1_234' title='bbox 1700 1189 1862 1228; x_wconf 88' lang='lat' dir='ltr'>roborare,</span> <span class='ocrx_word' id='word_1_235' title='bbox 1900 1194 1931 1220; x_wconf 88' lang='lat' dir='ltr'>et</span> <span class='ocrx_word' id='word_1_236' title='bbox 1966 1189 2081 1220; x_wconf 87' lang='lat' dir='ltr'>fratres</span> 
     </span>
     <span class='ocr_line' id='line_1_21' title="bbox 436 1242 2031 1284; baseline -0.001 -10"><span class='ocrx_word' id='word_1_237' title='bbox 436 1245 535 1274; x_wconf 88' lang='lat' dir='ltr'>nostri</span> <span class='ocrx_word' id='word_1_238' title='bbox 560 1243 599 1274; x_wconf 85' lang='grc'>(10</span> <span class='ocrx_word' id='word_1_239' title='bbox 626 1243 876 1284; x_wconf 74' lang='lat' dir='ltr'>emigregatione</span> <span class='ocrx_word' id='word_1_240' title='bbox 903 1243 1006 1273; x_wconf 86' lang='lat' dir='ltr'>sancti</span> <span class='ocrx_word' id='word_1_241' title='bbox 1031 1242 1198 1284; x_wconf 83' lang='lat' dir='ltr'>Stephani,</span> <span class='ocrx_word' id='word_1_242' title='bbox 1224 1242 1335 1273; x_wconf 84' lang='lat' dir='ltr'>fideles</span> <span class='ocrx_word' id='word_1_243' title='bbox 1360 1243 1471 1284; x_wconf 84' lang='lat' dir='ltr'>ipsius,</span> <span class='ocrx_word' id='word_1_244' title='bbox 1498 1243 1736 1273; x_wconf 88' lang='lat' dir='ltr'>consentientes</span> <span class='ocrx_word' id='word_1_245' title='bbox 1763 1242 2031 1284; x_wconf 89' lang='lat' dir='ltr'>subscripserunt.</span> 
     </span>
     <span class='ocr_line' id='line_1_22' title="bbox 542 1295 2083 1338; baseline -0.001 -11"><span class='ocrx_word' id='word_1_246' title='bbox 542 1299 590 1338; x_wconf 85' lang='grc'>(1)</span> <span class='ocrx_word' id='word_1_247' title='bbox 617 1296 874 1337; x_wconf 77' lang='lat' dir='ltr'>Clu-odegangus</span> <span class='ocrx_word' id='word_1_248' title='bbox 898 1300 1053 1337; x_wconf 89' lang='lat' dir='ltr'>peccator</span> <span class='ocrx_word' id='word_1_249' title='bbox 1078 1296 1250 1337; x_wconf 83' lang='lat' dir='ltr'>episcopus</span> <span class='ocrx_word' id='word_1_250' title='bbox 1275 1295 1357 1326; x_wconf 87' lang='lat' dir='ltr'>hanc</span> <span class='ocrx_word' id='word_1_251' title='bbox 1383 1296 1566 1326; x_wconf 85' lang='lat' dir='ltr'>firmitatem</span> <span class='ocrx_word' id='word_1_252' title='bbox 1591 1307 1609 1326; x_wconf 88' lang='lat' dir='ltr'>a</span> <span class='ocrx_word' id='word_1_253' title='bbox 1634 1307 1684 1326; x_wconf 90' lang='lat' dir='ltr'>me</span> <span class='ocrx_word' id='word_1_254' title='bbox 1709 1296 1827 1327; x_wconf 87' lang='lat' dir='ltr'>factam</span> <span class='ocrx_word' id='word_1_255' title='bbox 1845 1295 1946 1337; x_wconf 83' lang='lat' dir='ltr'>relegi</span> <span class='ocrx_word' id='word_1_256' title='bbox 1963 1301 1994 1326; x_wconf 89' lang='lat' dir='ltr'>et</span> <span class='ocrx_word' id='word_1_257' title='bbox 2011 1295 2083 1326; x_wconf 91' lang='lat' dir='ltr'>sub-</span> 
     </span>
     <span class='ocr_line' id='line_1_23' title="bbox 437 1349 2083 1392; baseline -0.001 -11"><span class='ocrx_word' id='word_1_258' title='bbox 437 1351 560 1392; x_wconf 84' lang='lat' dir='ltr'>scripsi.</span> <span class='ocrx_word' id='word_1_259' title='bbox 597 1351 644 1390; x_wconf 78' lang='grc'><strong>(2)</strong></span> <span class='ocrx_word' id='word_1_260' title='bbox 669 1349 880 1379; x_wconf 72' lang='lat' dir='ltr'>Adalfridus2</span> <span class='ocrx_word' id='word_1_261' title='bbox 905 1349 1257 1390; x_wconf 85' lang='lat' dir='ltr'>peccator&#39;episcopus</span> <span class='ocrx_word' id='word_1_262' title='bbox 1283 1349 1470 1390; x_wconf 83' lang='lat' dir='ltr'>subscripsi.</span> <span class='ocrx_word' id='word_1_263' title='bbox 1508 1349 1556 1391; x_wconf 85' lang='lat'>(3)</span> <span class='ocrx_word' id='word_1_264' title='bbox 1582 1349 1717 1391; x_wconf 67' lang='lat' dir='ltr'>Lupus-²³</span> <span class='ocrx_word' id='word_1_265' title='bbox 1733 1354 1885 1391; x_wconf 88' lang='lat' dir='ltr'>peccator</span> <span class='ocrx_word' id='word_1_266' title='bbox 1902 1350 2083 1391; x_wconf 89' lang='lat' dir='ltr'>episcopus.</span> 
     </span>
     <span class='ocr_line' id='line_1_24' title="bbox 437 1401 2084 1445; baseline -0.001 -11"><span class='ocrx_word' id='word_1_267' title='bbox 437 1403 485 1445; x_wconf 80' lang='lat'>(4)</span> <span class='ocrx_word' id='word_1_268' title='bbox 509 1403 660 1434; x_wconf 88' lang='lat' dir='ltr'>Andrcus</span> <span class='ocrx_word' id='word_1_269' title='bbox 693 1401 879 1443; x_wconf 86' lang='lat' dir='ltr'>subscripsi.</span> <span class='ocrx_word' id='word_1_270' title='bbox 929 1402 978 1443; x_wconf 79' lang='lat'>(5)</span> <span class='ocrx_word' id='word_1_271' title='bbox 1010 1402 1081 1443; x_wconf 77' lang='lat' dir='ltr'>Ego</span> <span class='ocrx_word' id='word_1_272' title='bbox 1106 1402 1319 1433; x_wconf 60' lang='grc' dir='ltr'><strong>Ρ111011ε1111154</strong></span> <span class='ocrx_word' id='word_1_273' title='bbox 1344 1407 1479 1433; x_wconf 83' lang='lat' dir='ltr'>vocatus</span> <span class='ocrx_word' id='word_1_274' title='bbox 1510 1402 1662 1443; x_wconf 81' lang='lat' dir='ltr'>indignus</span> <span class='ocrx_word' id='word_1_275' title='bbox 1694 1403 1866 1444; x_wconf 85' lang='lat' dir='ltr'>episcopus</span> <span class='ocrx_word' id='word_1_276' title='bbox 1898 1401 2084 1444; x_wconf 87' lang='lat' dir='ltr'>subscripsi,</span> 
     </span>
     <span class='ocr_line' id='line_1_25' title="bbox 436 1455 2084 1498; baseline -0.001 -11"><span class='ocrx_word' id='word_1_277' title='bbox 436 1456 485 1498; x_wconf 86' lang='grc'><strong>(6)</strong></span> <span class='ocrx_word' id='word_1_278' title='bbox 511 1456 671 1497; x_wconf 73' lang='lat' dir='ltr'>Rothingo</span> <span class='ocrx_word' id='word_1_279' title='bbox 696 1455 865 1486; x_wconf 55' lang='lat' dir='ltr'>advocato⁴</span> <span class='ocrx_word' id='word_1_280' title='bbox 903 1457 951 1496; x_wconf 83' lang='lat'>(7)</span> <span class='ocrx_word' id='word_1_281' title='bbox 968 1455 1191 1485; x_wconf 76' lang='lat' dir='ltr'>Vulfrannus5</span> <span class='ocrx_word' id='word_1_282' title='bbox 1215 1461 1349 1486; x_wconf 86' lang='lat' dir='ltr'>vocatus</span> <span class='ocrx_word' id='word_1_283' title='bbox 1375 1456 1556 1497; x_wconf 88' lang='lat' dir='ltr'>episcopus.</span> <span class='ocrx_word' id='word_1_284' title='bbox 1593 1455 1631 1486; x_wconf 91' lang='lat' dir='ltr'>In</span> <span class='ocrx_word' id='word_1_285' title='bbox 1649 1455 1768 1486; x_wconf 85' lang='lat' dir='ltr'>Christi</span> <span class='ocrx_word' id='word_1_286' title='bbox 1793 1456 1921 1486; x_wconf 90' lang='lat' dir='ltr'>nomine</span> <span class='ocrx_word' id='word_1_287' title='bbox 1947 1456 1995 1497; x_wconf 84' lang='lat'>(8)</span> <span class='ocrx_word' id='word_1_288' title='bbox 2020 1455 2084 1486; x_wconf 88' lang='lat' dir='ltr'>He—</span> 
     </span>
     <span class='ocr_line' id='line_1_26' title="bbox 436 1507 2084 1551; baseline -0.001 -11"><span class='ocrx_word' id='word_1_289' title='bbox 436 1510 566 1541; x_wconf 55' lang='lat' dir='ltr'>riveus&#39;*</span> <span class='ocrx_word' id='word_1_290' title='bbox 591 1510 762 1551; x_wconf 74' lang='lat' dir='ltr'>episcopus</span> <span class='ocrx_word' id='word_1_291' title='bbox 795 1507 981 1549; x_wconf 84' lang='lat' dir='ltr'>subscripsi.</span> <span class='ocrx_word' id='word_1_292' title='bbox 1031 1509 1079 1549; x_wconf 67' lang='grc'><strong>(9)</strong></span> <span class='ocrx_word' id='word_1_293' title='bbox 1106 1508 1290 1550; x_wconf 76' lang='lat' dir='ltr'>Segimodo.</span> <span class='ocrx_word' id='word_1_294' title='bbox 1346 1509 1417 1550; x_wconf 81' lang='lat' dir='ltr'>Ego</span> <span class='ocrx_word' id='word_1_295' title='bbox 1450 1509 1520 1549; x_wconf 88' lang='grc'><strong>(10)</strong></span> <span class='ocrx_word' id='word_1_296' title='bbox 1554 1509 1782 1550; x_wconf 80' lang='lat' dir='ltr'>Mangaudus⁷</span> <span class='ocrx_word' id='word_1_297' title='bbox 1814 1509 1986 1550; x_wconf 87' lang='lat' dir='ltr'>episcopus</span> <span class='ocrx_word' id='word_1_298' title='bbox 2011 1507 2084 1539; x_wconf 89' lang='lat' dir='ltr'>sub-</span> 
     </span>
     <span class='ocr_line' id='line_1_27' title="bbox 437 1561 2084 1604; baseline -0.001 -11"><span class='ocrx_word' id='word_1_299' title='bbox 437 1563 559 1604; x_wconf 84' lang='lat' dir='ltr'>scripsi.</span> <span class='ocrx_word' id='word_1_300' title='bbox 610 1562 680 1603; x_wconf 86' lang='lat'>(11)</span> <span class='ocrx_word' id='word_1_301' title='bbox 706 1561 935 1592; x_wconf 81' lang='lat' dir='ltr'>Mcmorianus.</span> <span class='ocrx_word' id='word_1_302' title='bbox 985 1563 1056 1601; x_wconf 67' lang='lat'>(1⁴2)</span> <span class='ocrx_word' id='word_1_303' title='bbox 1083 1561 1318 1592; x_wconf 84' lang='lat' dir='ltr'>Corchidianus</span> <span class='ocrx_word' id='word_1_304' title='bbox 1344 1561 1530 1603; x_wconf 84' lang='lat' dir='ltr'>subscripsi.</span> <span class='ocrx_word' id='word_1_305' title='bbox 1580 1562 1650 1603; x_wconf 81' lang='lat'>(13)</span> <span class='ocrx_word' id='word_1_306' title='bbox 1674 1562 1896 1593; x_wconf 57' lang='lat' dir='ltr'>Deormarus‘*</span> <span class='ocrx_word' id='word_1_307' title='bbox 1919 1563 1986 1593; x_wconf 88' lang='lat' dir='ltr'>acsi</span> <span class='ocrx_word' id='word_1_308' title='bbox 2009 1573 2084 1604; x_wconf 84' lang='lat' dir='ltr'>pec-</span> 
     </span>
    </p>
   </div>
   <div class='ocr_carea' id='block_1_3' title="bbox 534 1687 2088 2416">
    <p class='ocr_par' dir='ltr' id='par_1_3' title="bbox 547 1687 2087 2309">
     <span class='ocr_line' id='line_1_28' title="bbox 547 1687 2085 1725; baseline 0 -9"><span class='ocrx_word' id='word_1_309' title='bbox 547 1687 571 1723; x_wconf 74' lang='lat'>*)</span> <span class='ocrx_word' id='word_1_310' title='bbox 599 1693 658 1717; x_wconf 72' lang='lat' dir='ltr'>Cum</span> <span class='ocrx_word' id='word_1_311' title='bbox 691 1693 764 1716; x_wconf 54' lang='lat' dir='ltr'>rea-his</span> <span class='ocrx_word' id='word_1_312' title='bbox 793 1694 821 1715; x_wconf 82' lang='lat' dir='ltr'>et</span> <span class='ocrx_word' id='word_1_313' title='bbox 847 1691 867 1715; x_wconf 80' lang='lat' dir='ltr'>si</span> <span class='ocrx_word' id='word_1_314' title='bbox 896 1705 933 1707; x_wconf 97' lang='lat'><strong>—</strong></span> <span class='ocrx_word' id='word_1_315' title='bbox 960 1691 1100 1716; x_wconf 69' lang='lat' dir='ltr'>tribuetur</span> <span class='ocrx_word' id='word_1_316' title='bbox 1124 1693 1152 1720; x_wconf 83' lang='lat' dir='ltr'>(l.</span> <span class='ocrx_word' id='word_1_317' title='bbox 1170 1694 1214 1717; x_wconf 62' lang='lat'>18)</span> <span class='ocrx_word' id='word_1_318' title='bbox 1234 1693 1266 1723; x_wconf 69' lang='lat' dir='ltr'>cf.</span> <span class='ocrx_word' id='word_1_319' title='bbox 1288 1694 1302 1717; x_wconf 84' lang='lat' dir='ltr'>l.</span> <span class='ocrx_word' id='word_1_320' title='bbox 1318 1693 1333 1716; x_wconf 79' lang='lat' dir='ltr'>l.</span> <span class='ocrx_word' id='word_1_321' title='bbox 1352 1702 1377 1724; x_wconf 74' lang='lat' dir='ltr'>p.</span> <span class='ocrx_word' id='word_1_322' title='bbox 1393 1697 1441 1716; x_wconf 71' lang='lat'>40:</span> <span class='ocrx_word' id='word_1_323' title='bbox 1468 1694 1495 1717; x_wconf 83' lang='lat' dir='ltr'>ct</span> <span class='ocrx_word' id='word_1_324' title='bbox 1521 1692 1572 1716; x_wconf 90' lang='lat' dir='ltr'>nisi</span> <span class='ocrx_word' id='word_1_325' title='bbox 1597 1691 1703 1725; x_wconf 79' lang='lat' dir='ltr'>rogitus</span> <span class='ocrx_word' id='word_1_326' title='bbox 1728 1700 1744 1717; x_wconf 90' lang='lat' dir='ltr'>a</span> <span class='ocrx_word' id='word_1_327' title='bbox 1767 1691 2015 1725; x_wconf 82' lang='lat' dir='ltr'>congregationem</span> <span class='ocrx_word' id='word_1_328' title='bbox 2039 1691 2085 1717; x_wconf 86' lang='lat' dir='ltr'>illa</span> 
     </span>
     <span class='ocr_line' id='line_1_29' title="bbox 596 1743 2086 1777; baseline -0.001 -7"><span class='ocrx_word' id='word_1_329' title='bbox 596 1744 642 1770; x_wconf 87' lang='lat' dir='ltr'>vel</span> <span class='ocrx_word' id='word_1_330' title='bbox 666 1744 760 1770; x_wconf 85' lang='lat' dir='ltr'>abbati</span> <span class='ocrx_word' id='word_1_331' title='bbox 787 1752 836 1777; x_wconf 91' lang='lat' dir='ltr'>pro</span> <span class='ocrx_word' id='word_1_332' title='bbox 862 1744 987 1769; x_wconf 77' lang='lat' dir='ltr'>oratione</span> <span class='ocrx_word' id='word_1_333' title='bbox 1012 1744 1145 1769; x_wconf 75' lang='lat' dir='ltr'>lucranda</span> <span class='ocrx_word' id='word_1_334' title='bbox 1170 1744 1238 1769; x_wconf 88' lang='lat' dir='ltr'>nulli</span> <span class='ocrx_word' id='word_1_335' title='bbox 1264 1748 1389 1769; x_wconf 84' lang='lat' dir='ltr'>nostrum</span> <span class='ocrx_word' id='word_1_336' title='bbox 1412 1744 1498 1770; x_wconf 87' lang='lat' dir='ltr'>liceat</span> <span class='ocrx_word' id='word_1_337' title='bbox 1522 1744 1684 1770; x_wconf 85' lang='lat' dir='ltr'>monasterii</span> <span class='ocrx_word' id='word_1_338' title='bbox 1703 1745 1779 1770; x_wconf 89' lang='lat' dir='ltr'>adire</span> <span class='ocrx_word' id='word_1_339' title='bbox 1797 1748 1909 1770; x_wconf 81' lang='lat' dir='ltr'>secreta</span> <span class='ocrx_word' id='word_1_340' title='bbox 1925 1747 1973 1770; x_wconf 85' lang='lat' dir='ltr'>aut</span> <span class='ocrx_word' id='word_1_341' title='bbox 1990 1743 2086 1770; x_wconf 88' lang='lat' dir='ltr'>finium</span> 
     </span>
     <span class='ocr_line' id='line_1_30' title="bbox 599 1797 2085 1831; baseline 0 -8"><span class='ocrx_word' id='word_1_342' title='bbox 599 1798 708 1831; x_wconf 79' lang='lat' dir='ltr'>ingredi</span> <span class='ocrx_word' id='word_1_343' title='bbox 733 1800 832 1831; x_wconf 68' lang='lat' dir='ltr'>septa3</span> <span class='ocrx_word' id='word_1_344' title='bbox 859 1800 886 1822; x_wconf 86' lang='lat' dir='ltr'>ct</span> <span class='ocrx_word' id='word_1_345' title='bbox 912 1797 933 1822; x_wconf 81' lang='lat' dir='ltr'>si</span> <span class='ocrx_word' id='word_1_346' title='bbox 959 1797 994 1822; x_wconf 80' lang='lat' dir='ltr'>ab</span> <span class='ocrx_word' id='word_1_347' title='bbox 1021 1797 1059 1822; x_wconf 68' lang='lat' dir='ltr'>vis</span> <span class='ocrx_word' id='word_1_348' title='bbox 1085 1797 1150 1822; x_wconf 84' lang='lat' dir='ltr'>illuc</span> <span class='ocrx_word' id='word_1_349' title='bbox 1175 1797 1303 1831; x_wconf 77' lang='lat' dir='ltr'>pontifex</span> <span class='ocrx_word' id='word_1_350' title='bbox 1327 1797 1485 1831; x_wconf 88' lang='lat' dir='ltr'>postolatus</span> <span class='ocrx_word' id='word_1_351' title='bbox 1509 1806 1559 1831; x_wconf 88' lang='lat' dir='ltr'>pro</span> <span class='ocrx_word' id='word_1_352' title='bbox 1583 1797 1719 1823; x_wconf 87' lang='lat' dir='ltr'>lucranda</span> <span class='ocrx_word' id='word_1_353' title='bbox 1743 1797 1897 1823; x_wconf 86' lang='lat' dir='ltr'>orationem</span> <span class='ocrx_word' id='word_1_354' title='bbox 1921 1797 1966 1824; x_wconf 79' lang='lat' dir='ltr'>vel</span> <span class='ocrx_word' id='word_1_355' title='bbox 1992 1805 2085 1823; x_wconf 80' lang='lat' dir='ltr'>eorum</span> 
     </span>
     <span class='ocr_line' id='line_1_31' title="bbox 599 1850 2085 1884; baseline 0 -8"><span class='ocrx_word' id='word_1_356' title='bbox 599 1851 751 1876; x_wconf 75' lang='lat' dir='ltr'>utilitatem</span> <span class='ocrx_word' id='word_1_357' title='bbox 777 1850 939 1877; x_wconf 75' lang='lat' dir='ltr'>accesserit.</span> <span class='ocrx_word' id='word_1_358' title='bbox 966 1850 1111 1876; x_wconf 76' lang='lat' dir='ltr'>celebr-atu</span> <span class='ocrx_word' id='word_1_359' title='bbox 1136 1860 1167 1876; x_wconf 81' lang='lat' dir='ltr'>ac</span> <span class='ocrx_word' id='word_1_360' title='bbox 1192 1854 1310 1884; x_wconf 80' lang='lat' dir='ltr'>peractu</span> <span class='ocrx_word' id='word_1_361' title='bbox 1336 1851 1428 1877; x_wconf 84' lang='lat' dir='ltr'>divino</span> <span class='ocrx_word' id='word_1_362' title='bbox 1452 1851 1586 1882; x_wconf 83' lang='lat' dir='ltr'>misterio,</span> <span class='ocrx_word' id='word_1_363' title='bbox 1620 1850 1772 1884; x_wconf 81' lang='lat' dir='ltr'>simplicem</span> <span class='ocrx_word' id='word_1_364' title='bbox 1797 1859 1828 1876; x_wconf 82' lang='lat' dir='ltr'>ac</span> <span class='ocrx_word' id='word_1_365' title='bbox 1853 1851 1972 1876; x_wconf 85' lang='lat' dir='ltr'>subriam</span> <span class='ocrx_word' id='word_1_366' title='bbox 1997 1851 2085 1876; x_wconf 81' lang='lat' dir='ltr'>bene-</span> 
     </span>
     <span class='ocr_line' id='line_1_32' title="bbox 601 1903 2087 1937; baseline 0 -8"><span class='ocrx_word' id='word_1_367' title='bbox 601 1904 754 1929; x_wconf 71' lang='lat' dir='ltr'>diccionem</span> <span class='ocrx_word' id='word_1_368' title='bbox 780 1907 955 1937; x_wconf 81' lang='lat' dir='ltr'>perceptam,</span> <span class='ocrx_word' id='word_1_369' title='bbox 982 1903 1088 1937; x_wconf 79' lang='lat' dir='ltr'>absque</span> <span class='ocrx_word' id='word_1_370' title='bbox 1113 1903 1169 1929; x_wconf 91' lang='lat' dir='ltr'>ullo</span> <span class='ocrx_word' id='word_1_371' title='bbox 1187 1904 1351 1937; x_wconf 80' lang='lat' dir='ltr'>rcquaesitu</span> <span class='ocrx_word' id='word_1_372' title='bbox 1369 1904 1440 1930; x_wconf 85' lang='lat' dir='ltr'>dono</span> <span class='ocrx_word' id='word_1_373' title='bbox 1458 1904 1572 1930; x_wconf 87' lang='lat' dir='ltr'>studeat</span> <span class='ocrx_word' id='word_1_374' title='bbox 1589 1904 1695 1929; x_wconf 74' lang='lat' dir='ltr'>habere</span> <span class='ocrx_word' id='word_1_375' title='bbox 1712 1912 1881 1937; x_wconf 80' lang='lat' dir='ltr'>regressum,</span> <span class='ocrx_word' id='word_1_376' title='bbox 1907 1907 1937 1929; x_wconf 89' lang='lat' dir='ltr'>ut</span> <span class='ocrx_word' id='word_1_377' title='bbox 1955 1904 2087 1937; x_wconf 83' lang='lat' dir='ltr'>quatinus</span> 
     </span>
     <span class='ocr_line' id='line_1_33' title="bbox 600 1956 2085 1991; baseline 0 -9"><span class='ocrx_word' id='word_1_378' title='bbox 600 1956 738 1987; x_wconf 86' lang='lat' dir='ltr'>monachi,</span> <span class='ocrx_word' id='word_1_379' title='bbox 764 1957 810 1990; x_wconf 87' lang='lat' dir='ltr'>qui</span> <span class='ocrx_word' id='word_1_380' title='bbox 836 1956 950 1981; x_wconf 79' lang='lat' dir='ltr'>solitarii</span> <span class='ocrx_word' id='word_1_381' title='bbox 975 1960 1181 1990; x_wconf 76' lang='lat' dir='ltr'>noncupantur.</span> <span class='ocrx_word' id='word_1_382' title='bbox 1208 1957 1242 1982; x_wconf 82' lang='lat' dir='ltr'>dc</span> <span class='ocrx_word' id='word_1_383' title='bbox 1267 1956 1397 1990; x_wconf 86' lang='lat' dir='ltr'>perfecta</span> <span class='ocrx_word' id='word_1_384' title='bbox 1421 1957 1511 1991; x_wconf 85' lang='lat' dir='ltr'>quieti</span> <span class='ocrx_word' id='word_1_385' title='bbox 1535 1956 1658 1985; x_wconf 77' lang='lat' dir='ltr'>valeant.</span> <span class='ocrx_word' id='word_1_386' title='bbox 1684 1957 1748 1982; x_wconf 87' lang='lat' dir='ltr'>duci</span> <span class='ocrx_word' id='word_1_387' title='bbox 1772 1957 1902 1989; x_wconf 76' lang='lat' dir='ltr'>Domino,</span> <span class='ocrx_word' id='word_1_388' title='bbox 1933 1966 1984 1991; x_wconf 75' lang='lat' dir='ltr'>per</span> <span class='ocrx_word' id='word_1_389' title='bbox 2014 1960 2085 1983; x_wconf 89' lang='lat' dir='ltr'>tem-</span> 
     </span>
     <span class='ocr_line' id='line_1_34' title="bbox 600 2009 2087 2044; baseline -0.001 -8"><span class='ocrx_word' id='word_1_390' title='bbox 600 2019 668 2044; x_wconf 83' lang='lat' dir='ltr'>pora</span> <span class='ocrx_word' id='word_1_391' title='bbox 701 2009 826 2036; x_wconf 75' lang='lat' dir='ltr'>exultare</span> <span class='ocrx_word' id='word_1_392' title='bbox 860 2012 887 2034; x_wconf 73' lang='lat' dir='ltr'>vt</span> <span class='ocrx_word' id='word_1_393' title='bbox 920 2009 971 2034; x_wconf 83' lang='grc'><strong>51111</strong></span> <span class='ocrx_word' id='word_1_394' title='bbox 1005 2013 1100 2035; x_wconf 80' lang='lat' dir='ltr'>sancta</span> <span class='ocrx_word' id='word_1_395' title='bbox 1132 2009 1228 2042; x_wconf 62' lang='lat' dir='ltr'>regula</span> <span class='ocrx_word' id='word_1_396' title='bbox 1261 2010 1390 2036; x_wconf 82' lang='lat' dir='ltr'>viventes</span> <span class='ocrx_word' id='word_1_397' title='bbox 1423 2014 1451 2036; x_wconf 83' lang='lat' dir='ltr'>et</span> <span class='ocrx_word' id='word_1_398' title='bbox 1482 2011 1628 2036; x_wconf 76' lang='lat' dir='ltr'>beatorum</span> <span class='ocrx_word' id='word_1_399' title='bbox 1653 2013 1763 2044; x_wconf 87' lang='lat' dir='ltr'>patrum</span> <span class='ocrx_word' id='word_1_400' title='bbox 1787 2010 1845 2035; x_wconf 86' lang='lat' dir='ltr'>vita</span> <span class='ocrx_word' id='word_1_401' title='bbox 1869 2013 2013 2036; x_wconf 75' lang='lat' dir='ltr'>sectantes</span> <span class='ocrx_word' id='word_1_402' title='bbox 2037 2020 2087 2044; x_wconf 87' lang='lat' dir='ltr'>pro</span> 
     </span>
     <span class='ocr_line' id='line_1_35' title="bbox 600 2062 2087 2097; baseline 0.001 -9"><span class='ocrx_word' id='word_1_403' title='bbox 600 2066 675 2089; x_wconf 86' lang='lat' dir='ltr'>statu</span> <span class='ocrx_word' id='word_1_404' title='bbox 703 2062 839 2089; x_wconf 73' lang='lat' dir='ltr'>ecclcsiae</span> <span class='ocrx_word' id='word_1_405' title='bbox 873 2066 900 2088; x_wconf 76' lang='lat' dir='ltr'>ct</span> <span class='ocrx_word' id='word_1_406' title='bbox 927 2062 1035 2087; x_wconf 75' lang='lat' dir='ltr'>salutac</span> <span class='ocrx_word' id='word_1_407' title='bbox 1068 2063 1142 2094; x_wconf 63' lang='lat' dir='ltr'>regis</span> <span class='ocrx_word' id='word_1_408' title='bbox 1167 2063 1212 2088; x_wconf 76' lang='lat' dir='ltr'>vel</span> <span class='ocrx_word' id='word_1_409' title='bbox 1240 2064 1348 2096; x_wconf 83' lang='lat' dir='ltr'>patriae</span> <span class='ocrx_word' id='word_1_410' title='bbox 1380 2063 1492 2090; x_wconf 83' lang='lat' dir='ltr'>valeant</span> <span class='ocrx_word' id='word_1_411' title='bbox 1525 2063 1635 2097; x_wconf 79' lang='lat' dir='ltr'>plenius</span> <span class='ocrx_word' id='word_1_412' title='bbox 1666 2063 1817 2089; x_wconf 89' lang='lat' dir='ltr'>Dominum</span> <span class='ocrx_word' id='word_1_413' title='bbox 1848 2072 1973 2095; x_wconf 83' lang='lat' dir='ltr'>cxorarc,</span> <span class='ocrx_word' id='word_1_414' title='bbox 2006 2066 2034 2089; x_wconf 84' lang='lat' dir='ltr'>et</span> <span class='ocrx_word' id='word_1_415' title='bbox 2065 2064 2087 2089; x_wconf 85' lang='lat' dir='ltr'>si</span> 
     </span>
     <span class='ocr_line' id='line_1_36' title="bbox 599 2116 2086 2150; baseline 0.001 -9"><span class='ocrx_word' id='word_1_416' title='bbox 599 2116 705 2150; x_wconf 88' lang='lat' dir='ltr'>aliquid</span> <span class='ocrx_word' id='word_1_417' title='bbox 730 2116 782 2150; x_wconf 89' lang='lat' dir='ltr'>ipsi</span> <span class='ocrx_word' id='word_1_418' title='bbox 807 2116 933 2141; x_wconf 80' lang='lat' dir='ltr'>monachi</span> <span class='ocrx_word' id='word_1_419' title='bbox 958 2116 993 2141; x_wconf 87' lang='lat' dir='ltr'>de</span> <span class='ocrx_word' id='word_1_420' title='bbox 1021 2124 1114 2141; x_wconf 71' lang='lat' dir='ltr'>vorum</span> <span class='ocrx_word' id='word_1_421' title='bbox 1139 2116 1282 2149; x_wconf 69' lang='lat' dir='ltr'>rclegione</span> <span class='ocrx_word' id='word_1_422' title='bbox 1308 2117 1398 2150; x_wconf 88' lang='lat' dir='ltr'>tepidi</span> <span class='ocrx_word' id='word_1_423' title='bbox 1423 2120 1470 2142; x_wconf 84' lang='lat' dir='ltr'>aut</span> <span class='ocrx_word' id='word_1_424' title='bbox 1495 2126 1531 2141; x_wconf 83' lang='lat' dir='ltr'>an</span> <span class='ocrx_word' id='word_1_425' title='bbox 1555 2125 1636 2142; x_wconf 81' lang='lat' dir='ltr'>secus</span> <span class='ocrx_word' id='word_1_426' title='bbox 1662 2117 1782 2150; x_wconf 55' lang='lat' dir='ltr'>egerint,</span> <span class='ocrx_word' id='word_1_427' title='bbox 1815 2117 1968 2143; x_wconf 79' lang='lat' dir='ltr'>secundum</span> <span class='ocrx_word' id='word_1_428' title='bbox 1994 2125 2086 2143; x_wconf 78' lang='lat' dir='ltr'>eorum</span> 
     </span>
     <span class='ocr_line' id='line_1_37' title="bbox 599 2169 2086 2204; baseline 0.001 -10"><span class='ocrx_word' id='word_1_429' title='bbox 599 2169 725 2203; x_wconf 83' lang='lat' dir='ltr'>regulam</span> <span class='ocrx_word' id='word_1_430' title='bbox 751 2170 785 2194; x_wconf 81' lang='lat' dir='ltr'>ab</span> <span class='ocrx_word' id='word_1_431' title='bbox 811 2178 904 2194; x_wconf 75' lang='grc'><strong>00111111</strong></span> <span class='ocrx_word' id='word_1_432' title='bbox 930 2169 1045 2199; x_wconf 72' lang='lat' dir='ltr'>abbate,</span> <span class='ocrx_word' id='word_1_433' title='bbox 1070 2169 1092 2194; x_wconf 87' lang='lat' dir='ltr'>si</span> <span class='ocrx_word' id='word_1_434' title='bbox 1117 2169 1255 2203; x_wconf 80' lang='lat' dir='ltr'>prevalct,</span> <span class='ocrx_word' id='word_1_435' title='bbox 1282 2173 1480 2203; x_wconf 76' lang='lat' dir='ltr'>corregantur3</span> <span class='ocrx_word' id='word_1_436' title='bbox 1507 2169 1548 2195; x_wconf 89' lang='lat' dir='ltr'>sin</span> <span class='ocrx_word' id='word_1_437' title='bbox 1569 2173 1673 2201; x_wconf 76' lang='lat' dir='ltr'>autem,</span> <span class='ocrx_word' id='word_1_438' title='bbox 1698 2169 1826 2204; x_wconf 78' lang='lat' dir='ltr'>pontifex</span> <span class='ocrx_word' id='word_1_439' title='bbox 1843 2170 1878 2195; x_wconf 89' lang='lat' dir='ltr'>de</span> <span class='ocrx_word' id='word_1_440' title='bbox 1895 2170 1956 2203; x_wconf 88' lang='lat' dir='ltr'>ipsa</span> <span class='ocrx_word' id='word_1_441' title='bbox 1972 2170 2086 2195; x_wconf 74' lang='lat' dir='ltr'>civitate</span> 
     </span>
     <span class='ocr_line' id='line_1_38' title="bbox 602 2222 2087 2256; baseline 0 -8"><span class='ocrx_word' id='word_1_442' title='bbox 602 2222 743 2248; x_wconf 75' lang='lat' dir='ltr'>cohercirc</span> <span class='ocrx_word' id='word_1_443' title='bbox 770 2222 885 2249; x_wconf 76' lang='lat' dir='ltr'>debeat.</span> <span class='ocrx_word' id='word_1_444' title='bbox 912 2222 977 2255; x_wconf 85' lang='lat' dir='ltr'>quia</span> <span class='ocrx_word' id='word_1_445' title='bbox 1001 2222 1069 2247; x_wconf 87' lang='lat' dir='ltr'>nihil</span> <span class='ocrx_word' id='word_1_446' title='bbox 1094 2223 1128 2248; x_wconf 85' lang='lat' dir='ltr'>de</span> <span class='ocrx_word' id='word_1_447' title='bbox 1147 2222 1280 2248; x_wconf 81' lang='lat' dir='ltr'>canonica</span> <span class='ocrx_word' id='word_1_448' title='bbox 1297 2223 1464 2248; x_wconf 84' lang='lat' dir='ltr'>auctoritate</span> <span class='ocrx_word' id='word_1_449' title='bbox 1482 2222 1669 2253; x_wconf 83' lang='lat' dir='ltr'>convelletur,</span> <span class='ocrx_word' id='word_1_450' title='bbox 1696 2223 1828 2256; x_wconf 87' lang='lat' dir='ltr'>quicquid</span> <span class='ocrx_word' id='word_1_451' title='bbox 1845 2223 2004 2249; x_wconf 83' lang='lat' dir='ltr'>domesticis</span> <span class='ocrx_word' id='word_1_452' title='bbox 2020 2222 2087 2249; x_wconf 77' lang='lat' dir='ltr'>fidei</span> 
     </span>
     <span class='ocr_line' id='line_1_39' title="bbox 601 2275 1213 2309; baseline 0 -9"><span class='ocrx_word' id='word_1_453' title='bbox 601 2284 652 2309; x_wconf 87' lang='lat' dir='ltr'>pro</span> <span class='ocrx_word' id='word_1_454' title='bbox 677 2276 802 2309; x_wconf 71' lang='lat' dir='ltr'>quietem</span> <span class='ocrx_word' id='word_1_455' title='bbox 827 2275 1038 2309; x_wconf 84' lang='lat' dir='ltr'>tranquillitatis</span> <span class='ocrx_word' id='word_1_456' title='bbox 1063 2275 1213 2301; x_wconf 88' lang='lat' dir='ltr'>tribuetur.</span> 
     </span>
    </p>

    <p class='ocr_par' dir='ltr' id='par_1_4' title="bbox 534 2324 2087 2362">
     <span class='ocr_line' id='line_1_40' title="bbox 534 2324 2087 2362; baseline 0.001 -9"><span class='ocrx_word' id='word_1_457' title='bbox 534 2324 575 2361; x_wconf 53' lang='grc'>3101“)</span> <span class='ocrx_word' id='word_1_458' title='bbox 603 2330 662 2355; x_wconf 70' lang='lat' dir='ltr'>Cum</span> <span class='ocrx_word' id='word_1_459' title='bbox 684 2331 760 2353; x_wconf 54' lang='grc'><strong>111-[115</strong></span> <span class='ocrx_word' id='word_1_460' title='bbox 785 2328 821 2353; x_wconf 87' lang='lat' dir='ltr'>Et</span> <span class='ocrx_word' id='word_1_461' title='bbox 846 2332 876 2353; x_wconf 89' lang='lat' dir='ltr'>ut</span> <span class='ocrx_word' id='word_1_462' title='bbox 896 2327 980 2353; x_wconf 83' lang='lat' dir='ltr'>firmis</span> <span class='ocrx_word' id='word_1_463' title='bbox 998 2343 1038 2345; x_wconf 91' lang='lat'>-—</span> <span class='ocrx_word' id='word_1_464' title='bbox 1057 2329 1188 2354; x_wconf 73' lang='lat' dir='ltr'>roborare</span> <span class='ocrx_word' id='word_1_465' title='bbox 1209 2328 1235 2359; x_wconf 82' lang='lat' dir='ltr'>(l.</span> <span class='ocrx_word' id='word_1_466' title='bbox 1253 2329 1296 2360; x_wconf 69' lang='lat'>19)</span> <span class='ocrx_word' id='word_1_467' title='bbox 1315 2330 1347 2361; x_wconf 79' lang='lat' dir='ltr'>cf.</span> <span class='ocrx_word' id='word_1_468' title='bbox 1369 2331 1384 2353; x_wconf 84' lang='lat' dir='ltr'>l.</span> <span class='ocrx_word' id='word_1_469' title='bbox 1399 2331 1414 2354; x_wconf 84' lang='grc' dir='ltr'>Ζ.</span> <span class='ocrx_word' id='word_1_470' title='bbox 1431 2339 1460 2362; x_wconf 79' lang='lat' dir='ltr'>p.</span> <span class='ocrx_word' id='word_1_471' title='bbox 1474 2333 1523 2353; x_wconf 74' lang='lat'>41.-</span> <span class='ocrx_word' id='word_1_472' title='bbox 1549 2327 1639 2359; x_wconf 85' lang='lat' dir='ltr'>Quam</span> <span class='ocrx_word' id='word_1_473' title='bbox 1656 2329 1883 2356; x_wconf 86' lang='lat' dir='ltr'>constitutionem</span> <span class='ocrx_word' id='word_1_474' title='bbox 1901 2332 2032 2361; x_wconf 82' lang='lat' dir='ltr'>nostram,</span> <span class='ocrx_word' id='word_1_475' title='bbox 2057 2332 2087 2355; x_wconf 85' lang='lat' dir='ltr'>ut</span> 
     </span>
    </p>

    <p class='ocr_par' dir='ltr' id='par_1_5' title="bbox 600 2381 2088 2416">
     <span class='ocr_line' id='line_1_41' title="bbox 600 2381 2088 2416; baseline 0.001 -10"><span class='ocrx_word' id='word_1_476' title='bbox 600 2381 685 2407; x_wconf 83' lang='lat' dir='ltr'>firmis</span> <span class='ocrx_word' id='word_1_477' title='bbox 710 2382 845 2407; x_wconf 78' lang='lat' dir='ltr'>subsistat</span> <span class='ocrx_word' id='word_1_478' title='bbox 870 2381 1021 2415; x_wconf 74' lang='lat' dir='ltr'>vigoribus,</span> <span class='ocrx_word' id='word_1_479' title='bbox 1047 2384 1075 2406; x_wconf 82' lang='lat' dir='ltr'>et</span> <span class='ocrx_word' id='word_1_480' title='bbox 1100 2390 1149 2407; x_wconf 89' lang='lat' dir='ltr'>nos</span> <span class='ocrx_word' id='word_1_481' title='bbox 1175 2385 1203 2407; x_wconf 89' lang='lat' dir='ltr'>et</span> <span class='ocrx_word' id='word_1_482' title='bbox 1229 2381 1330 2407; x_wconf 88' lang='lat' dir='ltr'>fratres</span> <span class='ocrx_word' id='word_1_483' title='bbox 1355 2381 1442 2407; x_wconf 86' lang='lat' dir='ltr'>nostri</span> <span class='ocrx_word' id='word_1_484' title='bbox 1460 2381 1551 2407; x_wconf 86' lang='lat' dir='ltr'>domni</span> <span class='ocrx_word' id='word_1_485' title='bbox 1571 2382 1696 2416; x_wconf 84' lang='lat' dir='ltr'>episcopi</span> <span class='ocrx_word' id='word_1_486' title='bbox 1713 2382 1945 2416; x_wconf 84' lang='lat' dir='ltr'>subscriptionem</span> <span class='ocrx_word' id='word_1_487' title='bbox 1961 2382 2088 2409; x_wconf 87' lang='lat' dir='ltr'>manibus</span> 
     </span>
    </p>
   </div>
   <div class='ocr_carea' id='block_1_4' title="bbox 600 2435 1057 2461">
    <p class='ocr_par' dir='ltr' id='par_1_6' title="bbox 600 2435 1057 2461">
     <span class='ocr_line' id='line_1_42' title="bbox 600 2435 1057 2461; baseline -0.002 -1"><span class='ocrx_word' id='word_1_488' title='bbox 600 2435 701 2460; x_wconf 86' lang='lat' dir='ltr'>nostris</span> <span class='ocrx_word' id='word_1_489' title='bbox 726 2435 901 2461; x_wconf 68' lang='lat' dir='ltr'>[lecrevimus</span> <span class='ocrx_word' id='word_1_490' title='bbox 926 2435 1057 2460; x_wconf 87' lang='lat' dir='ltr'>roborari¹</span> 
     </span>
    </p>
   </div>
   <div class='ocr_carea' id='block_1_5' title="bbox 444 2544 2089 2788">
    <p class='ocr_par' dir='ltr' id='par_1_7' title="bbox 445 2544 2086 2623">
     <span class='ocr_line' id='line_1_43' title="bbox 550 2544 2086 2580; baseline 0.001 -10"><span class='ocrx_word' id='word_1_491' title='bbox 550 2549 560 2570; x_wconf 90' lang='lat'>1</span> <span class='ocrx_word' id='word_1_492' title='bbox 584 2544 640 2576; x_wconf 83' lang='lat' dir='ltr'>eos]</span> <span class='ocrx_word' id='word_1_493' title='bbox 670 2548 708 2570; x_wconf 84' lang='lat' dir='ltr'>eis</span> <span class='ocrx_word' id='word_1_494' title='bbox 734 2556 796 2570; x_wconf 69' lang='lat' dir='ltr'>‹vn-r.</span> <span class='ocrx_word' id='word_1_495' title='bbox 823 2547 877 2570; x_wconf 70' lang='lat' dir='ltr'>ead.</span> <span class='ocrx_word' id='word_1_496' title='bbox 897 2547 1006 2578; x_wconf 43' lang='lat' dir='ltr'>,terta-sse</span> <span class='ocrx_word' id='word_1_497' title='bbox 1026 2555 1091 2570; x_wconf 73' lang='lat' dir='ltr'>man.</span> <span class='ocrx_word' id='word_1_498' title='bbox 1116 2554 1162 2570; x_wconf 75' lang='lat' dir='ltr'>eos</span> <span class='ocrx_word' id='word_1_499' title='bbox 1182 2546 1218 2570; x_wconf 81' lang='lat' dir='ltr'>M.</span> <span class='ocrx_word' id='word_1_500' title='bbox 1310 2547 1325 2569; x_wconf 90' lang='grc'><strong>6</strong></span> <span class='ocrx_word' id='word_1_501' title='bbox 1346 2544 1448 2576; x_wconf 85' lang='lat' dir='ltr'>divino]</span> <span class='ocrx_word' id='word_1_502' title='bbox 1471 2547 1552 2570; x_wconf 83' lang='lat' dir='ltr'>diuno</span> <span class='ocrx_word' id='word_1_503' title='bbox 1572 2548 1609 2571; x_wconf 69' lang='lat' dir='ltr'>vel</span> <span class='ocrx_word' id='word_1_504' title='bbox 1628 2548 1709 2571; x_wconf 87' lang='lat' dir='ltr'>duino</span> <span class='ocrx_word' id='word_1_505' title='bbox 1730 2547 1766 2571; x_wconf 88' lang='lat' dir='ltr'>M.</span> <span class='ocrx_word' id='word_1_506' title='bbox 1860 2549 1888 2572; x_wconf 95' lang='grc'>11</span> <span class='ocrx_word' id='word_1_507' title='bbox 1911 2548 2031 2580; x_wconf 74' lang='lat' dir='ltr'>profecta</span> <span class='ocrx_word' id='word_1_508' title='bbox 2050 2548 2086 2573; x_wconf 89' lang='grc' dir='ltr'>Μ.</span> 
     </span>
     <span class='ocr_line' id='line_1_44' title="bbox 445 2589 1384 2623; baseline -0.002 -8"><span class='ocrx_word' id='word_1_509' title='bbox 445 2593 475 2615; x_wconf 76' lang='lat'>14</span> <span class='ocrx_word' id='word_1_510' title='bbox 496 2591 642 2623; x_wconf 67' lang='lat' dir='ltr'>deprecare</span> <span class='ocrx_word' id='word_1_511' title='bbox 663 2600 724 2615; x_wconf 62' lang='lat' dir='ltr'>corr.</span> <span class='ocrx_word' id='word_1_512' title='bbox 744 2591 798 2615; x_wconf 61' lang='lat' dir='ltr'>(ml.</span> <span class='ocrx_word' id='word_1_513' title='bbox 818 2600 884 2614; x_wconf 72' lang='grc'><strong>7111111.</strong></span> <span class='ocrx_word' id='word_1_514' title='bbox 906 2591 1045 2622; x_wconf 75' lang='lat' dir='ltr'>deprecari</span> <span class='ocrx_word' id='word_1_515' title='bbox 1066 2590 1101 2614; x_wconf 77' lang='lat' dir='ltr'>M.</span> <span class='ocrx_word' id='word_1_516' title='bbox 1178 2591 1208 2614; x_wconf 68' lang='lat'>13</span> <span class='ocrx_word' id='word_1_517' title='bbox 1230 2590 1328 2615; x_wconf 82' lang='lat' dir='ltr'>firmius</span> <span class='ocrx_word' id='word_1_518' title='bbox 1348 2589 1384 2614; x_wconf 86' lang='lat' dir='ltr'>M.</span> 
     </span>
    </p>

    <p class='ocr_par' dir='ltr' id='par_1_8' title="bbox 444 2698 2089 2788">
     <span class='ocr_line' id='line_1_45' title="bbox 554 2698 2089 2735; baseline 0.002 -11"><span class='ocrx_word' id='word_1_519' title='bbox 554 2699 580 2726; x_wconf 72' lang='lat' dir='ltr'>l&gt;</span> <span class='ocrx_word' id='word_1_520' title='bbox 609 2698 654 2732; x_wconf 65' lang='lat' dir='ltr'>Cf.</span> <span class='ocrx_word' id='word_1_521' title='bbox 683 2699 751 2735; x_wconf 71' lang='lat' dir='ltr'>H¹‘!&#39;(-</span> <span class='ocrx_word' id='word_1_522' title='bbox 778 2699 883 2725; x_wconf 59' lang='lat' dir='ltr'>Bemwl.</span> <span class='ocrx_word' id='word_1_523' title='bbox 911 2708 932 2724; x_wconf 75' lang='lat' dir='ltr'>c.</span> <span class='ocrx_word' id='word_1_524' title='bbox 952 2700 1007 2730; x_wconf 68' lang='grc'>23;</span> <span class='ocrx_word' id='word_1_525' title='bbox 1032 2699 1048 2725; x_wconf 82' lang='lat' dir='ltr'>l.</span> <span class='ocrx_word' id='word_1_526' title='bbox 1075 2699 1091 2725; x_wconf 74' lang='lat' dir='ltr'>l.</span> <span class='ocrx_word' id='word_1_527' title='bbox 1115 2709 1144 2735; x_wconf 77' lang='lat' dir='ltr'>p.</span> <span class='ocrx_word' id='word_1_528' title='bbox 1164 2700 1210 2726; x_wconf 75' lang='lat'>33.</span> <span class='ocrx_word' id='word_1_529' title='bbox 1316 2698 1345 2731; x_wconf 80' lang='grc'>2)</span> <span class='ocrx_word' id='word_1_530' title='bbox 1371 2698 1570 2725; x_wconf 74' lang='lat' dir='ltr'>Noviomcrzsis.</span> <span class='ocrx_word' id='word_1_531' title='bbox 1667 2699 1695 2732; x_wconf 80' lang='lat'>3)</span> <span class='ocrx_word' id='word_1_532' title='bbox 1722 2699 1863 2727; x_wconf 75' lang='lat' dir='ltr'>Senensis.</span> <span class='ocrx_word' id='word_1_533' title='bbox 1963 2699 1993 2733; x_wconf 84' lang='grc'>4)</span> <span class='ocrx_word' id='word_1_534' title='bbox 2020 2700 2089 2727; x_wconf 80' lang='lat' dir='ltr'>Leo-</span> 
     </span>
     <span class='ocr_line' id='line_1_46' title="bbox 444 2751 2089 2788; baseline 0.001 -10"><span class='ocrx_word' id='word_1_535' title='bbox 444 2751 553 2779; x_wconf 77' lang='lat' dir='ltr'>diensis.</span> <span class='ocrx_word' id='word_1_536' title='bbox 641 2752 670 2779; x_wconf 69' lang='grc' dir='ltr'>ὃ)</span> <span class='ocrx_word' id='word_1_537' title='bbox 699 2751 857 2778; x_wconf 58' lang='grc' dir='ltr'>ιἸΙνῖιΙνηςίκ.</span> <span class='ocrx_word' id='word_1_538' title='bbox 945 2752 974 2782; x_wconf 70' lang='lat' dir='ltr'>G)</span> <span class='ocrx_word' id='word_1_539' title='bbox 1007 2751 1198 2779; x_wconf 62' lang='lat' dir='ltr'>Vesontiensis.</span> <span class='ocrx_word' id='word_1_540' title='bbox 1286 2751 1315 2784; x_wconf 79' lang='grc' dir='ltr'>Τ)</span> <span class='ocrx_word' id='word_1_541' title='bbox 1344 2751 1551 2788; x_wconf 67' lang='lat' dir='ltr'>Aleyinqaudus</span> <span class='ocrx_word' id='word_1_542' title='bbox 1574 2751 1794 2788; x_wconf 64' lang='lat' dir='ltr'>Ilei-bipolensis.</span> <span class='ocrx_word' id='word_1_543' title='bbox 1888 2752 1917 2786; x_wconf 83' lang='lat'>8)</span> <span class='ocrx_word' id='word_1_544' title='bbox 1943 2752 1986 2780; x_wconf 81' lang='lat' dir='ltr'>An</span> <span class='ocrx_word' id='word_1_545' title='bbox 2012 2752 2089 2780; x_wconf 72' lang='lat' dir='ltr'>Il&#39;eo-</span> 
     </span>
    </p>
   </div>
   <div class='ocr_carea' id='block_1_6' title="bbox 443 2804 772 2831">
    <p class='ocr_par' dir='ltr' id='par_1_9' title="bbox 443 2804 772 2831">
     <span class='ocr_line' id='line_1_47' title="bbox 443 2804 772 2831; baseline 0 -1"><span class='ocrx_word' id='word_1_546' title='bbox 443 2805 542 2831; x_wconf 69' lang='lat' dir='ltr'>madus-</span> <span class='ocrx_word' id='word_1_547' title='bbox 574 2804 772 2830; x_wconf 60' lang='lat' dir='ltr'>Tm21=«›2·ensis.s</span> 
     </span>
    </p>
   </div>
   <div class='ocr_carea' id='block_1_7' title="bbox 2100 718 2124 736">
    <p class='ocr_par' dir='ltr' id='par_1_10' title="bbox 2100 718 2124 736">
     <span class='ocr_line' id='line_1_48' title="bbox 2100 718 2124 736; baseline 0 0"><span class='ocrx_word' id='word_1_548' title='bbox 2100 718 2124 736; x_wconf 79' lang='lat'>10</span> 
     </span>
    </p>
   </div>
   <div class='ocr_carea' id='block_1_8' title="bbox 2102 984 2126 1003">
    <p class='ocr_par' dir='ltr' id='par_1_11' title="bbox 2102 984 2126 1003">
     <span class='ocr_line' id='line_1_49' title="bbox 2102 984 2126 1003; baseline 0.042 -1"><span class='ocrx_word' id='word_1_549' title='bbox 2102 984 2126 1003; x_wconf 82' lang='lat'>15</span> 
     </span>
    </p>
   </div>
   <div class='ocr_carea' id='block_1_9' title="bbox 2103 1250 2129 1268">
    <p class='ocr_par' dir='ltr' id='par_1_12' title="bbox 2103 1250 2129 1268">
     <span class='ocr_line' id='line_1_50' title="bbox 2103 1250 2129 1268; baseline 0 0"><span class='ocrx_word' id='word_1_550' title='bbox 2103 1250 2129 1268; x_wconf 81' lang='lat'>20</span> 
     </span>
    </p>
   </div>
   <div class='ocr_carea' id='block_1_10' title="bbox 2105 1515 2130 1534">
    <p class='ocr_par' dir='ltr' id='par_1_13' title="bbox 2105 1515 2130 1534">
     <span class='ocr_line' id='line_1_51' title="bbox 2105 1515 2130 1534; baseline 0 0"><span class='ocrx_word' id='word_1_551' title='bbox 2105 1515 2130 1534; x_wconf 78' lang='lat'>25</span> 
     </span>
    </p>
   </div>
   <div class='ocr_carea' id='block_1_11' title="bbox 2106 1857 2131 1875">
    <p class='ocr_par' dir='ltr' id='par_1_14' title="bbox 2106 1857 2131 1875">
     <span class='ocr_line' id='line_1_52' title="bbox 2106 1857 2131 1875; baseline 0 0"><span class='ocrx_word' id='word_1_552' title='bbox 2106 1857 2131 1875; x_wconf 79' lang='lat'>30</span> 
     </span>
    </p>
   </div>
   <div class='ocr_carea' id='block_1_12' title="bbox 2107 2122 2132 2141">
    <p class='ocr_par' dir='ltr' id='par_1_15' title="bbox 2107 2122 2132 2141">
     <span class='ocr_line' id='line_1_53' title="bbox 2107 2122 2132 2141; baseline 0 0"><span class='ocrx_word' id='word_1_553' title='bbox 2107 2122 2132 2141; x_wconf 82' lang='lat'>35</span> 
     </span>
    </p>
   </div>
   <div class='ocr_carea' id='block_1_13' title="bbox 2106 2388 2132 2407">
    <p class='ocr_par' dir='ltr' id='par_1_16' title="bbox 2106 2388 2132 2407">
     <span class='ocr_line' id='line_1_54' title="bbox 2106 2388 2132 2407; baseline 0 0"><span class='ocrx_word' id='word_1_554' title='bbox 2106 2388 2132 2407; x_wconf 81' lang='lat'>40</span> 
     </span>
    </p>
   </div>
   <div class='ocr_carea' id='block_1_14' title="bbox 2108 2762 2133 2781">
    <p class='ocr_par' dir='ltr' id='par_1_17' title="bbox 2108 2762 2133 2781">
     <span class='ocr_line' id='line_1_55' title="bbox 2108 2762 2133 2781; baseline -0.04 0"><span class='ocrx_word' id='word_1_555' title='bbox 2108 2762 2133 2781; x_wconf 75' lang='lat'>4⁵</span> 
     </span>
    </p>
   </div>
  </div>
 </body>
</html>
