2242 3085
548 97 597 124 39.
635 97 853 126 CONCILIUM
876 97 1203 128 AQUISGRANENSE
1229 98 1264 125 A.
1287 98 1359 125 816.
1713 97 1776 128 385

129 194 268 221 Evacuari
292 195 360 221 dicit
383 194 499 229 gloriam
524 204 612 227 suam,
644 195 666 221 si
691 195 726 221 ab
752 196 801 227 eis,
834 196 934 230 quibus
958 196 1153 230 praedicabat,
1185 196 1318 223 voluisset
1350 197 1478 231 accipere
1512 197 1587 223 vitae
1613 199 1776 233 temporalis

131 257 293 282 expensam.
340 248 464 275 Nolebat
498 248 601 283 quippe
634 249 661 274 in
685 249 829 283 praesenti
853 248 956 275 laboris
980 249 1022 274 sui
1046 248 1176 281 fructum,
1209 250 1260 275 sed
1291 250 1318 275 in
1349 249 1444 276 futuro
1469 250 1608 284 recipcre.
1656 251 1684 277 Si
1710 261 1776 286 ergo

130 301 189 334 ille,
214 302 262 336 qui
285 301 353 328 nihil
377 301 512 334 habebat,
537 302 626 328 noluit
651 302 685 328 de
712 301 869 337 evangelio,
894 302 941 328 ubi
965 301 1122 333 laborabat,
1154 302 1205 328 sed
1229 303 1284 328 suis
1308 303 1436 329 manibus
1461 303 1566 335 vivere,
1600 313 1634 330 ne
1660 304 1775 339 gloriam

129 363 196 381 suae
221 355 359 381 mercedis
383 355 539 388 amitteret,
564 355 631 389 quid
654 364 714 387 nos,
740 355 787 389 qui
812 358 841 381 et
864 355 978 390 propria
993 354 1120 381 nolumus
1136 364 1228 381 amore
1245 356 1418 390 possidendi,
1443 365 1498 382 non
1514 357 1627 383 vivendi
1651 359 1774 384 necessi-

96 416 111 435 5
129 410 188 434 tate
219 407 380 442 relinquere
414 411 442 434 et
473 408 601 443 accipere
640 408 756 443 insuper
787 408 912 435 volumus
943 417 998 435 non
1028 409 1102 435 unde
1135 409 1268 441 vivamus,
1309 409 1359 435 sed
1393 410 1467 437 unde
1504 419 1617 437 censum
1651 415 1775 437 nostrum

128 461 307 488 incrementis
332 461 537 488 damnabilibus
561 462 734 496 augeamus?

235 517 340 549 CXII.
376 518 602 560 Augustini
627 518 673 549 de
697 519 784 549 vita
808 524 846 550 et
870 518 1052 550 moribus
1078 518 1338 550 clericorum.
1380 523 1523 559 Proptcrl
1548 527 1622 560 quod
1646 526 1719 553 volui
1745 530 1773 553 et

127 576 223 611 rogavi
247 576 379 603 hesterno
411 577 467 610 die,
499 580 530 603 ut
561 576 643 603 hodie
668 576 846 611 frequentius
871 577 1070 609 conveniretis7
1103 577 1155 603 hoc
1180 580 1234 609 est,
1263 578 1337 611 quod
1363 578 1489 604 dicturus
1513 588 1582 605 sum.
1624 580 1774 606 Vobiscum

128 630 172 656 hie
196 630 313 656 vivimus
338 633 366 657 et
390 634 507 665 propter
530 639 578 656 vos
603 630 729 661 vix-imus,
756 633 786 656 et
803 630 923 656 intentio
941 633 1092 664 votumque
1111 633 1236 656 nostrum
1254 634 1307 663 est,
1333 634 1364 656 ut
1381 631 1456 665 apud
1474 631 1614 658 Christum
1631 633 1774 659 vobiscum

84 696 109 715 10
128 683 187 709 sine
218 682 273 709 fine
305 683 438 710 vivamus.
486 682 578 709 Credo
609 687 703 709 autem
734 686 800 710 ante
833 683 927 709 oculos
958 687 1067 710 vestros
1093 692 1155 709 esse
1181 684 1423 710 conversationem
1448 689 1580 717 nostram,
1611 690 1641 712 ut
1671 690 1699 712 et
1724 696 1773 712 nos

127 737 221 763 (licere
252 736 380 762 fortassis
410 737 572 768 audeamus,
603 737 728 771 quamvis
759 736 877 762 multmn
908 736 947 762 illi
978 737 1101 771 inpares,
1134 737 1208 771 quod
1239 737 1308 762 dixit
1339 737 1498 771 apostolus:
1536 737 1693 766 Imitatnres
1723 739 1776 766 mci

127 793 209 817 estote
231 789 302 817 sicut
324 793 350 817 et
372 798 420 826 eqo
447 788 567 822 C'lzristi,·
598 793 627 816 et
657 790 721 816 ideo
745 789 819 822 nolo,
850 793 881 815 ut
912 789 1012 824 aliquis
1037 790 1072 816 de
1098 790 1176 816 nobis
1200 790 1325 817 inveniat
1354 790 1426 816 male
1451 791 1563 817 vivendi
1587 793 1772 819 occasionem.

127 842 310 870 Providemus
334 842 405 870 enim
429 842 510 876 bona,
535 846 566 869 ut
591 843 629 869 ait
654 843 728 869 idem
752 843 905 877 apostolus,
929 852 986 870 mm
1009 843 1095 870 solum
1113 852 1207 869 coram
1225 843 1296 876 Deo,
1320 843 1466 870 sedetiam
1492 853 1587 871 coram
1611 844 1772 872 hominibus.

126 896 247 931 Propter
276 905 326 922 nos
357 896 529 922 conscientia
560 899 655 922 nostra
678 895 783 922 sufficit
806 896 902 929 nobis;
935 899 1052 931 propter
1082 905 1130 922 vos
1161 896 1233 923 fama
1257 900 1353 923 nostra
1376 905 1431 923 non
1454 897 1552 932 pollui,
1583 899 1633 924 scd
1664 898 1772 933 pollere

82 961 108 981 15
127 949 213 975 debet
245 949 272 975 in
303 949 390 975 vobis.
438 949 550 976 'l‘euete
583 949 657 984 quod
689 949 744 975 (lixi
775 953 862 984 atque
895 950 1070 984 distinguite.
1125 950 1206 976 Duae
1237 959 1282 976 res
1314 954 1389 982 sunt,
1424 951 1596 977 conscientia
1628 955 1656 977 et
1687 952 1771 981 fama,

127 1003 298 1029 conscientia
321 1002 382 1035 tibi,
408 1002 482 1028 fama
505 1002 628 1037 proximo
651 1006 711 1029 tuo.
760 1002 815 1033 Qui
839 1002 929 1029 fidens
953 1003 1142 1029 conscientiae¹
1174 1012 1241 1029 suae
1273 1003 1401 1038 neglegit
1424 1004 1525 1030 famam
1549 1013 1625 1030 suam
1650 1005 1772 1032 crudelis

127 1059 181 1089 est,
205 1056 322 1082 maxime
347 1056 375 1082 in
399 1055 459 1082 loco
484 1056 536 1082 isto
560 1056 678 1090 positus,
711 1056 746 1082 de
778 1064 833 1090 quo
864 1056 931 1082 dicit
956 1056 1109 1090 apostolus,
1134 1057 1259 1083 scribens
1291 1057 1326 1082 ad
1359 1057 1524 1092 discipulum
1553 1067 1647 1084 suum:
1688 1057 1771 1085 Circa

126 1117 219 1136 omnes
243 1112 267 1136 te
290 1108 378 1145 ipsum
403 1108 534 1136 bonorzwz
559 1118 672 1145 operum
692 1108 835 1145 praebens
859 1109 1021 1145 exemplum.
1070 1109 1108 1136 Ut
1135 1118 1201 1144 ergo
1226 1118 1281 1136 non
1305 1119 1353 1136 vos
1378 1111 1425 1136 diu
1450 1115 1573 1143 teneam,
1605 1112 1772 1146 praesertim

127 1163 192 1197 quia
216 1171 268 1197 ego
292 1163 395 1189 sedens
419 1165 526 1197 loquor,
552 1171 600 1189 vos
625 1163 725 1189 stando
750 1163 893 1195 laboratis,
918 1163 1005 1189 nostis
1029 1166 1124 1189 autem
1148 1172 1244 1189 omncs
1269 1167 1316 1189 aut
1341 1173 1415 1198 pene
1442 1173 1536 1190 omnes
1553 1165 1592 1191 sic
1609 1173 1659 1191 nos
1676 1166 1770 1191 vivere

78 1228 105 1246 20
125 1216 153 1241 in
178 1225 212 1242 ea
236 1216 326 1247 domo,
359 1224 432 1250 quae
464 1215 566 1242 (licitur
596 1215 693 1242 domus
725 1216 869 1250 episcopii,
901 1219 942 1248 ut,
976 1220 1110 1250 quantum
1141 1225 1298 1251 possumus,
1330 1217 1471 1244 imitemur
1502 1226 1549 1244 eos
1581 1222 1702 1250 sanctos,
1735 1219 1770 1245 de

125 1269 225 1303 quibus
249 1269 373 1303 loquitur
396 1269 468 1295 liber
491 1272 604 1295 actuum
628 1271 831 1303 apostolorum:
864 1268 952 1295 Nemo
983 1268 1091 1296 dicebat
1113 1269 1222 1306 aliquid
1238 1269 1399 1306 proprium,
1424 1271 1475 1298 sed
1497 1275 1579 1298 erant
1601 1271 1654 1299 illis
1678 1271 1771 1299 omnia

124 1321 288 1349 commmunia.
334 1321 407 1353 Quia
430 1322 503 1349 forte
529 1322 615 1356 aliqui
638 1325 763 1348 vestrum
787 1331 842 1348 non
867 1326 931 1348 sunt
956 1325 1012 1348 tam
1037 1323 1189 1357 diligentes
1213 1324 1289 1350 vitae
1314 1328 1425 1350 nostrae
1451 1328 1633 1357 scrutatores,
1667 1329 1696 1351 ut
1720 1326 1771 1351 ho(-

124 1376 162 1401 sic
186 1376 325 1407 noverint,
352 1376 490 1410 quomodo
514 1377 576 1402 volo
600 1384 648 1401 vos
672 1384 765 1406 nosse,
791 1376 864 1407 dico,
890 1376 956 1410 quid
981 1376 1015 1402 sit
1041 1377 1116 1410 quod
1141 1377 1266 1403 breviter
1290 1376 1356 1403 dixi.
1404 1378 1475 1412 Ego,
1507 1387 1590 1412 quom
1616 1379 1677 1405 Deo
1706 1387 1769 1413 pro-

123 1429 191 1463 pitio
227 1429 328 1455 videtis
365 1429 527 1463 episcopum
562 1433 696 1461 vestrum,
734 1429 842 1455 iuvenis
877 1429 941 1455 veni
978 1430 1013 1455 ad
1044 1430 1125 1456 istam
1157 1430 1318 1463 civitatem,
1355 1430 1435 1456 multi
1465 1435 1589 1457 vestrum
1621 1436 1769 1458 noverunt.

76 1493 104 1512 25
124 1481 313 1514 Quaerebam,
338 1482 387 1508 ubi
410 1483 611 1509 constituerem
634 1484 833 1509 monasterium
858 1486 887 1509 et
911 1483 1035 1509 viverem
1059 1492 1122 1509 cum
1145 1484 1278 1510 fratribus
1303 1484 1381 1510 meis.
1422 1484 1507 1519 Spem
1532 1486 1637 1520 quippe
1663 1494 1771 1512 omnem

123 1535 226 1562 saeculi
251 1536 420 1570 reliqueram
445 1539 474 1563 et
498 1536 572 1570 quod
598 1545 659 1563 esse
684 1536 764 1571 potui
787 1536 873 1568 nolui,
899 1545 953 1562 non
978 1537 1103 1571 quaesivi
1128 1541 1223 1564 tamen
1248 1538 1323 1572 quod
1348 1547 1417 1563 sum.
1456 1537 1539 1575 Eleffi'
1561 1538 1589 1565 ἱη
1614 1529 1774 1566 (lmno'Dei

122 1588 242 1616 abiectus
273 1598 330 1616 esse
360 1588 449 1625 mayis
479 1598 561 1625 quam
594 1588 721 1616 habitare
745 1588 773 1616 in
798 1588 986 1616 tabernaculis
1004 1594 1197 1626 peccatorum.
1244 1590 1290 1617 Ab
1317 1591 1365 1623 eis,
1400 1592 1446 1625 qui
1471 1591 1592 1626 diligunt
1617 1592 1770 1624 saeculum,

122 1643 271 1677 segregavi
303 1651 363 1674 ωας
395 1642 445 1668 sed
477 1643 528 1674 eis,
561 1643 609 1676 qui
639 1646 773 1677 praesunt
805 1643 926 1677 populis,
958 1652 1013 1669 non
1044 1652 1087 1669 mc
1120 1645 1273 1678 coaequari
1302 1653 1354 1670 nec
1380 1645 1406 1670 in
1431 1645 1556 1671 convivio
1581 1645 1693 1671 Domini
1716 1646 1771 1671 mei

122 1696 295 1730 superiorem
325 1698 415 1722 locum
447 1696 531 1730 elegi,
567 1696 619 1722 sed
649 1696 811 1723 inferiorem
844 1700 872 1722 et
903 1697 1054 1723 abiectum.
1110 1697 1147 1722 Et
1178 1697 1285 1731 placuit
1318 1697 1356 1723 illi
1389 1698 1483 1724 (licere
1519 1698 1601 1724 mihi:
1638 1699 1770 1725 Ascende

75 1759 104 1778 30
122 1758 240 1775 sursum.
288 1748 386 1783 Usque
411 1749 482 1775 adeo
506 1753 601 1775 autem
625 1749 758 1776 timebam
784 1749 986 1784 episcopatum,
1019 1753 1060 1783 ut,
1094 1750 1224 1784 quoniam
1249 1754 1383 1785 coeperat
1408 1760 1470 1778 csse
1495 1751 1548 1777 iam
1573 1751 1689 1778 alicuius
1713 1761 1770 1778 mo-

123 1803 209 1828 monti
235 1803 309 1829 inter
332 1803 387 1829 Dei
411 1811 505 1829 servos
530 1802 604 1829 fama
627 1811 698 1835 mea,
724 1803 750 1828 in
775 1811 830 1837 quo
854 1802 914 1829 loco
939 1803 1061 1829 sciebam
1085 1812 1139 1829 non
1165 1812 1228 1830 csse
1254 1804 1426 1839 episcopum,
1451 1813 1506 1831 non
1531 1805 1578 1831 illo
1595 1806 1770 1832 accederem.

124 1855 267 1882 Cavcbam
291 1856 342 1882 hoc
368 1859 397 1882 et
421 1856 550 1889 agebam,
575 1860 710 1890 quantum
734 1860 873 1890 poteram,
906 1860 936 1882 ut
969 1857 997 1882 in
1021 1859 1080 1883 loco
1105 1857 1201 1883 humili
1226 1857 1358 1890 salvarer,
1391 1867 1426 1884 ne
1451 1858 1479 1884 in
1504 1858 1560 1884 alto
1586 1858 1770 1893 periclitarer.

124 1908 191 1941 Sed,
217 1913 247 1935 ut
272 1909 338 1941 dixi,
364 1909 481 1935 Domino
506 1918 602 1936 servus
627 1909 821 1936 contradicere
845 1919 900 1936 non
925 1910 1023 1936 debet.
1065 1911 1137 1937 Veni
1162 1911 1197 1936 ad
1222 1911 1303 1937 istam
1327 1911 1470 1938 civitatem
1487 1916 1603 1946 propter
1619 1912 1771 1938 videndum

230 2058 300 2082 CXI.
330 2059 345 2082 3
366 2057 518 2090 evangelio]
540 2058 629 2090 egelio
650 2058 682 2082 L.
772 2056 829 2089 ubi]
850 2059 914 2083 hubi
936 2059 967 2085 B,
1061 2057 1211 2089 laborabat]
1235 2059 1339 2084 larabat
1360 2059 1389 2083 L.
1476 2062 1492 2084 4
1512 2058 1628 2092 propria]
1650 2062 1770 2085 amittere

77 2110 104 2129 35
122 2102 182 2127 add.
203 2103 234 2127 R.
309 2104 323 2127 6
344 2100 528 2133 incrementis]
551 2103 694 2127 crementis
715 2103 748 2128 B.

231 2156 316 2180 CXII.
345 2157 359 2180 7
381 2153 474 2187 CXII]
496 2156 521 2180 k,
542 2156 628 2180 CXII.
650 2155 681 2180 L.
763 2156 888 2188 Agustini
910 2156 942 2180 B.
1025 2160 1039 2181 5
1060 2154 1150 2187 hodic]
1171 2157 1222 2181 boc
1243 2157 1285 2181 die
1305 2157 1337 2181 B.
1419 2156 1609 2188 conveniretis]
1630 2166 1690 2183 cum
1710 2159 1770 2183 adcl-

123 2201 155 2225 Ιί.
175 2200 206 2224 L.
226 2200 262 2230 Jl,
282 2203 311 2224 ut
330 2199 389 2224 add.
410 2200 442 2224 B.
498 2203 537 2224 cst
557 2201 629 2232 quod
645 2198 779 2232 dicturus]
799 2201 830 2225 ee
845 2198 888 2231 (=
905 2204 974 2227 esse)
991 2201 1062 2232 quod
1077 2201 1209 2225 ‹liciturus
1229 2201 1262 2225 B.
1318 2203 1332 2225 9
1354 2202 1395 2225 hic
1410 2200 1536 2232 vivimus]
1552 2202 1594 2226 hic
1608 2203 1723 2227 vidimus
1739 2204 1770 2227 B.

126 2246 154 2269 11
184 2245 273 2268 dicere
301 2242 434 2275 fortassis]
460 2245 582 2269 fortassis
604 2245 695 2269 dicere
717 2245 747 2269 R.
841 2246 872 2269 12
900 2243 998 2275 estote]
1020 2249 1090 2269 stote
1111 2245 1143 2269 Β.
1237 2247 1268 2269 13
1288 2250 1317 2270 ut
1335 2246 1401 2270 deest
1419 2246 1450 2270 L.
1541 2250 1569 2270 ut
1589 2247 1627 2271 ait
1642 2260 1675 2263 —-
1689 2249 1770 2272 etiam

123 2289 213 2313 desunt
232 2288 263 2312 B.
328 2289 409 2313 etiam
428 2289 582 2313 hominibus
603 2287 639 2313 ῙΙῙ.
714 2290 745 2313 16
766 2290 831 2313 fides
852 2289 884 2314 B.
960 2290 990 2313 19
1011 2287 1084 2321 quia]
1107 2298 1176 2321 quea
1195 2290 1226 2313 L.
1301 2291 1333 2314 20
1354 2291 1474 2322 episcopi
1495 2291 1526 2315 Is.
1600 2292 1630 2315 21
1653 2290 1770 2323 actuum]

76 2340 106 2359 40
123 2334 251 2358 hactuum
273 2333 306 2357 B.
370 2333 402 2356 ‘22
423 2331 515 2364 aliqui]
536 2333 639 2365 aliquid
659 2333 689 2358 L.
757 2335 790 2358 ‘23
811 2331 860 2363 sie]
883 2335 925 2365 sig
945 2334 975 2358 L.
1043 2335 1148 2358 noverit
1169 2337 1204 2360 Μ.
1270 2336 1302 2358 24
1323 2333 1438 2365 iuvenis]
1461 2336 1567 2359 invenis
1588 2336 1620 2361 B.
1687 2338 1769 2360 vestri

124 2378 156 2402 R.
176 2377 206 2401 L.
227 2377 259 2402 B.
280 2376 317 2401 Μ.
416 2378 448 2401 25
476 2378 669 2402 constitueram
690 2377 723 2402 B.
826 2379 858 2402 28
887 2376 1040 2410 segregavi]
1062 2379 1166 2403 secrevi
1187 2379 1218 2405 L.
1238 2380 1275 2404 JI.
1379 2377 1538 2411 coaequavi]
1565 2382 1717 2411 quor-quavi
1738 2381 1768 2405 B,

124 2423 156 2447 29
178 2420 225 2453 illi]
246 2421 297 2446 scil.
321 2421 379 2445 Deo.
462 2422 551 2446 dicere
572 2419 645 2453 mihi]
667 2422 730 2446 mihi
751 2422 840 2446 dicere
861 2422 896 2446 ΙΙΙ,
979 2424 1013 2447 30
1032 2421 1146 2454 sursum]
1169 2431 1302 2448 rcsursum
1322 2424 1355 2448 B.
1435 2425 1468 2448 32
1489 2424 1663 2456 pereclitarer
1683 2425 1715 2451 B,

234 2557 262 2591 1)
288 2557 467 2594 Auyztstt'nuS,
494 2558 591 2584 Sermo
608 2557 632 2584 I.
657 2558 690 2585 cle
713 2557 770 2585 rita
795 2563 819 2585 et
839 2558 958 2585 moribus
975 2557 1154 2591 clericot·mn;
1181 2558 1254 2595 ΟΜ),
1274 2559 1305 2592 Γ,
1325 2560 1473 2596 1379sqq.
1491 2574 1532 2578 —
1551 2560 1595 2586 I)1⁴
1615 2561 1769 2596 receplz'mw

124 2610 203 2638 huius
234 2609 349 2647 capituli
383 2614 408 2637 et
441 2609 616 2647 insequentis,
652 2620 724 2647 quae
757 2611 826 2638 sicul
859 2621 948 2647 supra
980 2621 1018 2638 cc.
1043 2612 1082 2639 35
1117 2615 1142 2639 et
1171 2612 1230 2641 108
1266 2622 1300 2639 ea:
1330 2611 1441 2639 Iuliano
1474 2613 1601 2639 [ἰιηιννῐιι
1637 2618 1768 2649 ιηἐνηηιι

76 2677 106 2696 45
124 2661 164 2700 (p.
190 2665 248 2692 356
263 2674 304 2700 sq.
330 2667 355 2691 et
378 2660 448 2699 383)
478 2663 606 2690 clericum
625 2673 781 2700 pauperem
807 2673 863 2691 esse
888 2665 929 2691 vel
952 2663 1022 2691 nillil
1045 2664 1146 2691 habere
1170 2664 1261 2692 iubent
1284 2680 1326 2684 —-
1351 2675 1408 2692 cum
1441 2675 1462 2692 c.
1490 2667 1545 2694 115
1576 2666 1659 2702 igsitm·
1690 2666 1769 2692 latin.»-

124 2716 371 2744 z'7zstitutionis710n
391 2709 614 2754 conffi·uzt7zt'—‚
632 2717 670 2751 cf.
692 2716 725 2743 L.
747 2717 919 2751 leomassiu,
944 2717 1024 2745 Vetus
1045 2721 1069 2744 ct
1085 2728 1156 2745 nova
1181 2718 1311 2745 ecclcsiae
1336 2718 1483 2755 disciplina
1502 2718 1521 2745 I
1539 2716 1646 2755 (l'nris.
1666 2716 1767 2755 1688).

119 2779 151 2807 p.
176 2771 232 2799 691
245 2779 305 2806 sqq.
344 2768 447 2796 ‘Neues
470 2769 588 2797 Arclziv’
605 2769 733 2803 XXIJ'II,
759 2771 818 2799 6:26
841 2779 909 2797 ann.
927 2771 954 2798 4.

178 2827 221 2848 LL.
233 2827 333 2847 Concilia
346 2827 375 2848 11.
1471 2824 1502 2847 40

1793 747 1811 765 1.
1818 746 1866 767 Cor.
1874 747 1894 770 4,
1904 747 1937 765 16.

1792 853 1810 872 2,
1819 852 1892 876 Cor.8,
1902 853 1933 871 21.

1791 1065 1834 1085 Tit.
1842 1066 1861 1089 2,
1871 1066 1889 1085 7.

1792 1278 1868 1302 Aemi,
1878 1278 1910 1299 32,

1791 1546 1910 1569 Ps.83,11.
