2242 3085
267 981 296 998 er.
306 979 355 1000 Act.
364 980 422 1003 244.

309 1290 344 1309 Ps.
353 1289 385 1311 75,
396 1289 426 1309 ΓΞ.

303 1315 399 1339 Ecum,
407 1316 427 1335 4.

293 1564 349 1583 Osee
358 1564 430 1587 14,10.

312 1618 347 1637 Ps.
356 1617 401 1640 132,
412 1619 428 1637 1.

440 128 502 158 388
857 129 907 156 39.
944 129 1159 156 CONCILIUM
1183 129 1509 161 AQUISGRANENSE
1533 129 1569 156 A.
1591 129 1664 157 816.

440 228 499 260 filii,
526 231 555 254 et
578 228 703 254 reddidit
729 228 877 262 episcopus
901 236 954 253 nec
978 227 1103 261 opinanti
1129 236 1200 261 quae
1226 227 1264 253 illi
1290 228 1452 254 donaverat.
1488 227 1520 253 In
1544 227 1836 261 potestate'habebat
1854 227 2001 262 episcopus
2024 236 2079 254 non

441 281 572 313 reddere,
605 281 655 307 sed
680 281 739 306 iure
765 280 827 312 fori,
858 289 913 306 non
943 280 1002 306 iure
1028 280 1108 306 caeli.
1156 279 1228 307 Sane
1262 281 1345 307 etiam
1376 280 1427 306 hoc
1454 280 1564 307 noverit
1587 280 1688 306 caritas
1711 283 1806 306 vestra
1829 280 1931 307 dixisse
1955 289 1998 307 me
2022 280 2078 307 fra-

440 335 530 361 tribus
554 334 633 365 meis,
665 333 711 368 qui
736 342 844 359 mecum
869 336 993 365 manent,
1025 337 1056 359 ut
1087 333 1254 368 quicumque
1286 333 1373 359 habet
1403 333 1507 367 aliquid
1537 336 1586 359 aut
1610 333 1715 359 vendat
1746 336 1775 359 et
1800 337 1898 368 eroget
1922 337 1970 360 aut
1993 334 2080 360 donet

442 391 489 413 aut
521 396 664 413 commune
697 386 765 412 illud
796 386 892 412 faciat.
940 385 1095 412 Ecclesiam
1118 386 1215 417 habet,
1248 396 1299 420 per
1330 395 1410 420 quam
1435 395 1485 412 nos
1510 386 1589 412 Deus
1620 386 1720 420 pascit.
1767 386 1803 412 Et
1828 386 1894 413 (ledi
1918 386 2080 413 dilationem

441 449 530 474 usque
555 440 590 466 ad
614 439 799 474 Epiphaniam
822 442 939 473 propter
963 447 1021 471 eos,
1046 439 1092 473 qui
1116 439 1162 465 vel
1186 448 1247 465 cuin
1272 439 1404 465 fratribus
1427 439 1484 465 suis
1507 448 1562 465 non
1587 439 1741 466 diviserunt
1766 442 1795 466 et
1819 439 1982 466 dimiserunt
2006 440 2080 474 quod
2098 446 2112 465 5

441 493 547 519 habent
572 493 647 527 apud
672 492 774 518 fratres
798 500 861 517 suos
885 491 931 518 vel
954 492 1076 518 nondum
1100 493 1135 518 de
1160 501 1190 518 re
1215 501 1265 518 sua
1288 492 1393 526 aliquid
1419 496 1549 526 egerunt,
1583 493 1649 526 quia.
1681 493 1884 527 expectabatur
1906 496 1985 519 aetas
2009 493 2079 527 legi-

442 547 518 572 tima.
565 545 683 571 Faciant
715 545 779 571 inde
812 545 885 579 quod
910 544 1017 577 volunt,
1050 545 1113 570 dum
1138 549 1232 571 tamen
1257 545 1311 571 sint
1336 554 1476 580 pauperes
1500 554 1625 578 mecum,
1658 545 1737 571 simul
1769 549 1951 580 expectemus
1973 545 2080 572 miseri-

443 599 563 626 cordiam
589 598 654 624 Dei.
702 597 730 624 Si
754 601 849 624 autem
873 597 982 631 nolunt,
1015 598 1061 632 qui
1093 598 1166 624 forte
1190 601 1298 630 nolunt,
1331 602 1409 625 certe
1443 607 1495 633 ego
1519 607 1588 630 sum,
1620 599 1668 632 qui
1692 602 1858 630 statueram,
1889 598 1960 624 sicut
1985 599 2081 631 nostis,

444 652 548 678 nullum
577 651 705 677 ordinare
738 651 879 683 clericum,
912 651 962 677 nisi
996 651 1042 685 qui
1072 660 1180 677 mecum
1205 651 1293 677 vellet
1317 660 1440 684 manere,
1473 655 1514 683 ut,
1546 652 1567 683 si
1599 651 1687 678 vellet
1719 651 1864 678 discedere
1889 660 1906 677 a
1928 651 2080 686 proposito,

443 709 521 731 recte
547 705 585 730 illi
609 704 738 731 tollerem
763 704 935 736 clericatum,
960 704 1026 738 quia
1050 704 1197 731 desereret
1221 708 1335 730 sanctae
1360 705 1502 730 societatis
1527 705 1689 739 promissum
1714 707 1883 738 ceptumque
1904 705 2081 730 consortium.
2102 711 2127 729 10

444 759 517 784 Ecce
543 758 570 784 in
595 761 748 792 conspeetu
774 757 828 783 Dei
854 761 884 783 et
907 762 1000 783 vestro
1032 761 1108 783 muto
1140 757 1292 783 consilium.
1342 758 1396 788 Qui
1419 757 1516 783 volunt
1539 757 1644 784 habere
1670 757 1775 791 aliquid
1798 757 1950 792 proprium,
1983 758 2083 791 quibus

443 820 497 838 non
522 810 626 837 suffieit
642 811 721 837 Deus
739 814 767 837 et
786 810 905 837 ecclesia
922 811 991 842 eius.
1015 814 1148 836 maneant
1172 811 1218 836 ubi
1243 810 1339 837 volunt
1365 815 1393 837 et
1417 811 1463 837 ubi
1488 815 1620 845 possunt:
1646 820 1700 836 non
1726 811 1765 837 eis
1789 810 1886 837 aufero
1910 810 2082 837 clericatum.

443 865 515 891 Nolo
539 864 643 890 habere
668 864 858 899 hypochritas.
906 863 1010 889 Malum
1035 868 1088 891 cst.
1121 864 1181 897 quis
1205 864 1336 890 nesciat?
1383 864 1486 890 Malum
1512 868 1555 890 est
1579 864 1680 890 cadere
1706 873 1722 890 a
1745 864 1897 898 proposito.
1929 864 1979 890 sed
2003 864 2084 898 peius

445 922 487 943 cst
507 917 636 943 simulare
654 917 836 951 propositum.
872 917 956 949 Ecce,
983 917 1055 946 dic-0.
1081 916 1194 942 audite:
1221 916 1267 950 qui
1292 917 1456 943 societatem
1482 917 1631 943 coimnunis
1648 917 1723 943 vitae
1740 917 1793 943 iam
1818 921 1986 951 susceptam,
2012 926 2084 951 quae

443 971 575 997 laudatur
598 971 625 996 in
650 970 835 1004 apostolorum
861 969 979 1001 actibus,
1012 969 1117 995 deserit
1142 978 1159 995 a
1182 972 1247 995 voto
1276 978 1324 995 suo
1351 970 1436 1002 cadit,
1462 979 1478 996 a
1500 970 1673 1004 professione
1699 974 1796 997 sancta
1820 971 1905 996 cadit.
1943 969 2084 996 Observet
2104 978 2129 997 15

445 1024 574 1055 iudicem,
600 1024 649 1050 sed
674 1024 775 1055 Deum,
800 1031 855 1048 non
878 1031 938 1053 me;
965 1031 1017 1056 ego
1043 1022 1068 1048 ci
1093 1030 1147 1048 non
1171 1021 1270 1048 aufero
1294 1022 1472 1055 clerieatum3
1500 1027 1633 1057 quantum
1658 1023 1693 1049 sit
1709 1023 1875 1057 periculum,
1900 1027 1966 1049 ante
1991 1023 2085 1049 oculos

448 1078 506 1103 eius
531 1077 625 1111 posui3
651 1076 735 1102 faciat
762 1076 835 1109 quod
860 1075 930 1101 vult.
966 1075 1037 1101 Novi
1062 1075 1145 1107 enim,
1171 1075 1245 1109 quia,
1271 1075 1293 1101 si
1317 1075 1438 1109 aliquem
1455 1075 1506 1102 hoc
1527 1075 1678 1102 facientem
1703 1076 1858 1111 degradare
1882 1079 2006 1108 voluero,
2031 1085 2085 1102 non

447 1131 472 1156 ci
498 1130 619 1155 deerunt
642 1129 763 1163 patroni,
790 1137 844 1154 non
870 1129 894 1154 ei
912 1129 1032 1154 deerunt
1057 1127 1266 1162 suffragatores,
1291 1129 1380 1155 ethic
1401 1133 1430 1155 et
1447 1130 1521 1163 apud
1540 1129 1694 1164 episcopos,
1721 1130 1767 1164 qui
1784 1130 1894 1156 dicant:
1921 1128 2005 1160 ‘Quid
2022 1129 2086 1155 mali

446 1183 536 1209 fccit'?
572 1182 634 1208 Non
658 1186 753 1216 potest
778 1186 872 1208 tecum
896 1183 1017 1207 tolerare
1042 1182 1123 1207 istam
1147 1182 1248 1215 vitam,
1275 1186 1353 1208 extra
1375 1182 1545 1216 episcopium
1561 1185 1620 1208 vult
1646 1191 1770 1214 manere,
1795 1183 1830 1209 de
1847 1183 1957 1217 proprio
1974 1183 2085 1214 vivere,

447 1237 548 1262 ideone
580 1236 668 1261 debet
692 1235 814 1270 perdere
839 1234 1035 1261 clericatum?
1084 1235 1144 1269 Ego
1175 1235 1242 1267 scio,
1275 1238 1408 1269 quantum
1439 1235 1503 1261 mali
1533 1236 1569 1261 sit
1592 1235 1718 1270 profiteri
1750 1239 1875 1262 sanctum
1906 1235 2011 1269 aliquid
2035 1244 2087 1261 nec
2106 1243 2134 1261 20

448 1290 574 1324 implere.
628 1288 734 1321 Vei-ete,
760 1288 868 1322 inquid,
895 1291 919 1314 et
942 1287 1048 1314 reddite
1071 1286 1180 1315 (lumino
1205 1287 1266 1315 Deo
1291 1292 1389 1321 vestro,
1415 1292 1460 1315 ct:
1496 1288 1598 1315 Melius
1622 1292 1661 1315 est
1684 1298 1737 1315 non
1762 1297 1861 1315 roz-ere
1884 1298 1965 1324 quam
1990 1297 2089 1315 vovere

447 1347 471 1369 et
495 1352 549 1369 non
574 1341 700 1368 reddere.
748 1341 834 1375 Virgo
860 1344 913 1372 est,
946 1341 999 1367 etsi
1023 1350 1173 1375 numquam
1198 1341 1283 1367 fuerit
1308 1342 1335 1367 in
1360 1342 1536 1371 monasterio,
1569 1345 1598 1367 et
1622 1342 1698 1376 virgo
1723 1350 1801 1368 sacra
1825 1346 1883 1373 θεῖς
1916 1342 2023 1368 nubere
2048 1341 2088 1367 illi

445 1405 500 1422 non
523 1395 601 1424 lieet.
635 1404 695 1421 csse
727 1395 755 1420 in
786 1394 953 1420 monasterio
981 1402 1036 1420 non
1061 1393 1239 1428 conpellitur.
1288 1393 1316 1420 Si
1340 1398 1435 1421 autem
1460 1395 1554 1429 coepit
1579 1404 1640 1421 esse
1665 1395 1693 1420 in
1716 1395 1884 1421 monasterio
1910 1398 1939 1420 et
1963 1394 2088 1421 deseruit

448 1455 477 1475 et
502 1454 596 1475 tamen
620 1448 697 1482 virgo
723 1452 775 1478 est,
802 1447 916 1473 dimidia
939 1448 1004 1473 ruit.
1041 1446 1085 1473 Sic
1112 1451 1140 1473 et
1165 1447 1282 1473 clericus
1308 1448 1375 1473 duas
1399 1456 1444 1473 res
1467 1448 1611 1482 professus
1632 1452 1683 1481 est,
1711 1452 1739 1473 et
1762 1448 1941 1474 sanctitatem
1959 1451 1987 1473 et
2004 1447 2087 1473 cleri-

448 1505 557 1534 catum,
583 1501 700 1527 interius
724 1500 914 1532 sanctitatem,
944 1509 1008 1526 nam
1039 1500 1201 1527 clericatum
1230 1509 1281 1535 pel·
1304 1501 1437 1535 populum
1461 1510 1539 1527 suum
1562 1501 1642 1527 Deus
1666 1501 1788 1535 inposuit
1813 1501 1966 1527 cervicibus
1990 1501 2086 1535 ipsius.
2105 1507 2132 1526 2⁵

447 1555 537 1589 Magis
567 1563 636 1580 onus
668 1557 711 1580 est
742 1563 823 1588 quam
854 1554 950 1579 honor.
998 1553 1054 1579 Scd
1086 1553 1146 1589 quis
1177 1553 1290 1589 sapiens
1315 1557 1339 1580 et
1361 1553 1493 1590 intellegit
1516 1553 1606 1581 Ilaec?
1650 1554 1724 1589 Ergo
1748 1553 1892 1588 professus
1917 1557 1960 1580 est
1984 1554 2087 1580 sancti-

448 1612 546 1636 tatem,
572 1607 714 1641 professus
740 1610 782 1633 cst
807 1607 988 1633 connnuniter
1005 1607 1116 1633 vivendi
1140 1607 1316 1638 societatem,
1341 1607 1483 1641 professus
1508 1610 1551 1633 est
1575 1616 1657 1643 quam
1682 1606 1779 1634 bonum
1805 1611 1830 1634 et
1844 1616 1926 1643 quam
1943 1606 2088 1633 iocundum

449 1660 576 1688 habitare
593 1660 708 1694 fratres
732 1659 758 1686 in
784 1669 876 1686 unum.
925 1659 953 1686 Si
978 1660 1012 1686 ab
1036 1660 1088 1686 hoc
1111 1660 1254 1694 proposito
1280 1660 1413 1686 ceciderit
1446 1664 1475 1687 et
1500 1664 1579 1686 extra
1602 1669 1716 1687 manens
1742 1661 1858 1687 clericus
1882 1660 1976 1691 fuerit,
2009 1660 2088 1686 dimi-

449 1715 509 1740 dius
541 1718 570 1740 et
601 1714 660 1747 ipse
692 1714 804 1739 cecidit.
853 1712 925 1743 Quid
951 1714 986 1739 ad
1011 1713 1076 1739 mc‘?
1123 1713 1184 1739 Non
1218 1722 1279 1739 eum
1309 1713 1411 1739 iudico.
1460 1713 1487 1739 Si
1520 1713 1586 1739 foris
1617 1717 1709 1739 servat
1741 1713 1928 1745 sanctitatem,
1960 1713 2088 1739 dimidius

449 1767 561 1794 cecidit.
617 1766 643 1792 Si
676 1767 750 1792 intus
780 1766 910 1792 habuerit
941 1766 1155 1798 simulationem,
1187 1770 1263 1792 totus
1294 1766 1406 1792 cecidit.
1460 1766 1531 1792 Nolo
1566 1766 1670 1793 habeat
1701 1767 1900 1793 necessitatem
1931 1766 2087 1792 simulandi.
2108 1772 2135 1791 30

450 1820 522 1849 Seio,
548 1820 685 1854 quomodo
710 1820 834 1845 homines
859 1823 952 1845 ament
977 1819 1147 1845 clericatum.
1195 1819 1305 1845 Nemini
1331 1828 1393 1845 eum
1417 1819 1485 1845 tollo
1509 1819 1615 1845 nolenti
1639 1829 1747 1846 mecum
1771 1820 1953 1846 communiter
1976 1820 2087 1852 vivere,

449 1874 535 1900 habet
559 1874 651 1899 Deum
683 1873 728 1907 qui
760 1882 868 1899 mecum
900 1882 1014 1899 manere
1039 1873 1109 1898 vult.
1157 1872 1184 1898 Si
1209 1877 1324 1907 paratus
1356 1876 1399 1899 cst
1422 1873 1498 1907 pasci
1523 1882 1538 1899 a
1562 1873 1624 1899 Deo
1648 1882 1700 1907 per
1730 1873 1875 1899 ecelesiam
1906 1873 2001 1906 ipsius,
2033 1881 2088 1898 non

451 1927 556 1953 habere
582 1927 686 1961 aliquid
711 1927 862 1961 proprium,
894 1927 943 1952 sed
969 1930 1016 1952 aut
1042 1934 1157 1960 crogare
1181 1926 1352 1960 pauperibus
1377 1929 1425 1951 aut
1450 1926 1476 1951 in
1501 1934 1645 1952 commune
1676 1926 1800 1957 mittere,
1833 1930 1944 1951 maneat
1968 1934 2086 1951 mecum.

452 1980 506 2011 Qui
537 1980 589 2006 hoc
619 1988 673 2005 non
698 1979 758 2005 vult
782 1980 885 2005 habeat
909 1979 1082 2011 libertatem,
1114 1979 1163 2005 sed
1195 1979 1300 2007 videat,
1331 1982 1424 2004 utrum
1455 1979 1560 2005 habere
1591 1979 1679 2013 possit
1710 1979 1854 2004 felicitatis
1878 1978 2086 2004 aeternitatem.

452 2033 599 2059 Sufficiant
623 2033 692 2059 haec
714 2042 786 2058 nunc
804 2033 914 2059 interim
933 2033 1041 2058 caritati
1067 2036 1188 2058 vcstrac.
1226 2031 1306 2062 Quod
1332 2040 1416 2066 egero
1441 2041 1501 2057 cum
1523 2032 1656 2058 fratribus
1672 2032 1741 2058 meis
1761 2046 1797 2050 —‡
1816 2040 1898 2066 spero
1916 2032 1987 2058 enim
2003 2032 2086 2064 bona,
2106 2040 2133 2059 35

453 2087 527 2121 quod
559 2095 654 2112 omnes
684 2086 749 2111 mihi
782 2086 904 2112 libenter
934 2085 1097 2116 oboediant,
1127 2094 1180 2111 nec
1212 2085 1376 2111 inventurus
1407 2093 1465 2110 sum
1496 2084 1602 2118 aliquos
1632 2084 1736 2110 habero
1768 2084 1873 2118 aliquid
1908 2085 1959 2110 nisi
1995 2084 2088 2118 aliqua

449 2140 623 2165 nccessitatc
641 2139 792 2173 religionis,
810 2148 863 2165 non
881 2139 1025 2165 occasione
1044 2138 1203 2172 cupiditatis
1224 2153 1259 2156 —
1280 2138 1353 2172 quod
1376 2146 1441 2172 ergo
1467 2146 1551 2172 egero
1570 2141 1632 2172 post
1648 2137 1833 2171 Epiphaniam
1850 2138 1959 2163 caritati
1975 2141 2086 2164 vestrae

450 2194 477 2219 in
508 2193 618 2219 Domini
650 2192 795 2218 voluntate
827 2192 963 2218 nuntiabo
996 2195 1034 2223 ct,
1067 2192 1204 2225 quomodo
1235 2191 1313 2217 litem
1343 2190 1441 2217 finiero
1473 2191 1546 2217 inter
1576 2191 1644 2216 duos
1675 2190 1787 2219 fratres,
1819 2190 1889 2216 filios
1920 2190 2088 2225 praesbiteri

450 2246 580 2277 Ianuarii,
612 2255 664 2271 non
697 2246 774 2271 vobis
805 2246 916 2271 tacebo.
964 2245 1054 2270 Multa
1084 2244 1194 2270 locutus
1225 2253 1299 2270 sum:
1332 2244 1398 2270 date
1430 2243 1538 2269 veniam
1567 2243 1677 2277 loquaci
1709 2244 1860 2275 senectuti,
1893 2244 1943 2269 sed
1973 2243 2086 2269 timidae

451 2299 614 2324 infirmitati.
652 2299 722 2333 Ego,
749 2299 819 2324 sicut
836 2298 947 2330 vidctis,
973 2307 1025 2332 per
1041 2302 1162 2324 aetatem
1179 2298 1260 2323 modo
1277 2297 1367 2329 senui,
1392 2306 1444 2331 per
1460 2295 1648 2322 infirmitatem
1673 2297 1794 2331 corporis
1818 2296 1881 2322 olim
1906 2305 1965 2322 sum
1985 2305 2085 2322 senex:
2106 2306 2132 2324 40

558 2403 644 2426 CXII.
676 2404 685 2425 1
710 2411 778 2434 quae
799 2402 843 2426 ille
865 2401 900 2425 js.
974 2404 988 2426 ⁴2
1009 2402 1096 2425 Sanac
1117 2402 1147 2425 R.
1222 2403 1237 2425 3
1258 2399 1293 2431 et]
1315 2405 1361 2425 aut
1380 2400 1412 2424 B.
1477 2402 1491 2424 5
1512 2401 1699 2432 Epiiphaniam
1720 2400 1752 2424 B.
1820 2401 1834 2424 6
1855 2397 1977 2431 egerunt]
1996 2400 2032 2424 ita
2051 2398 2087 2429 Μ’]

452 2447 583 2477 ιῙῡμ-(ιτιιιιῐ
597 2447 648 2471 Γνῖἰ.
700 2448 713 2471 7
728 2444 790 2476 sint]
806 2450 867 2470 sunt
882 2446 911 2469 L.
964 2448 995 2469 10
1009 2445 1104 2470 tollere
1121 2446 1152 2469 R.
1204 2447 1235 2470 12
1249 2446 1322 2469 Deus
1338 2442 1373 2475 et]
1388 2445 1460 2469 Deus
1476 2445 1506 2468 B.
1556 2442 1611 2474 ubi]
1628 2445 1692 2468 hubi
1705 2444 1744 2468 hic
1757 2449 1778 2468 et
1792 2444 1863 2476 infra
1876 2444 1908 2468 B.
1959 2445 1990 2468 13
2005 2445 2087 2476 hypo-

451 2492 532 2515 critas
552 2491 582 2517 L.
603 2491 786 2522 hypochiritas
806 2490 838 2515 IL'.
858 2491 995 2521 ypocritas
1016 2490 1052 2513 JI.
1125 2487 1193 2521 quis]
1216 2490 1261 2521 qui
1281 2489 1312 2513 L.
1385 2488 1482 2512 maium
1503 2489 1599 2512 cadere
1620 2488 1650 2512 L.
1727 2490 1756 2512 15
1777 2486 1890 2519 actibus]
1910 2489 2034 2512 hactibus
2054 2488 2087 2512 B.

453 2536 482 2559 143
503 2532 605 2565 aufero]
620 2535 702 2558 offero
723 2534 755 2558 B.
814 2536 844 2558 18
864 2535 968 2565 patroni
982 2547 1015 2549 ——
1030 2531 1232 2565 suffragatores]
1248 2534 1437 2564 suffragatores
1452 2541 1505 2557 non
1521 2534 1544 2557 ei
1560 2533 1671 2557 deerunt
1684 2533 1791 2564 patroni
1812 2533 1842 2556 B.
1900 2533 2042 2564 episeopus
2056 2532 2088 2556 L.

451 2579 519 2603 malc
537 2579 576 2603 ln'c
595 2583 616 2603 et
636 2579 705 2610 iuri-a
725 2578 755 2605 L,
777 2578 862 2602 malae
882 2578 914 2602 Β.
996 2579 1026 2601 19
1048 2575 1226 2609 episcopium]
1254 2578 1407 2609 episcopum
1427 2577 1496 2601 codd.
1577 2578 1609 2601 20
1630 2576 1738 2608 aliquod
1759 2577 1791 2601 B.
1874 2578 1906 2601 22
1927 2574 1986 2607 etsi]
2013 2577 2035 2600 si
2055 2576 2086 2600 B.
2105 2582 2133 2601 46

451 2625 483 2647 23
504 2620 632 2653 deseruit]
653 2623 780 2647 deserunt
800 2622 831 2646 B.
906 2623 937 2646 25
959 2620 1080 2652 interius]
1103 2623 1209 2646 interim
1228 2622 1298 2646 codd.
1376 2629 1423 2652 per
1436 2634 1469 2636 —
1484 2619 1570 2651 suum]
1592 2629 1639 2652 pro
1660 2620 1759 2653 populo
1779 2629 1826 2645 suo
1847 2621 1883 2645 JI.
1961 2621 1993 2645 26
2013 2618 2087 2651 onus]

452 2669 536 2692 honus
557 2667 588 2691 B.
662 2664 732 2698 quis]
753 2668 797 2698 qui
820 2666 849 2690 Il.
930 2667 1002 2697 Ergo
1024 2664 1169 2697 professus]
1191 2667 1262 2697 Ergo
1283 2674 1376 2697 prosus
1396 2665 1426 2689 L.
1504 2666 1536 2689 28
1556 2664 1618 2695 hoc]
1639 2666 1688 2689 hac
1708 2665 1740 2691 B.
1814 2666 1846 2689 33
1867 2673 2034 2689 communem
2055 2665 2087 2689 B.

452 2714 484 2735 35
505 2709 579 2742 meis]
601 2711 766 2735 annuntiabo
788 2711 864 2734 vobis
884 2710 943 2734 add.
964 2711 1030 2741 Azqs.
1098 2711 1195 2734 bonum
1216 2710 1246 2733 B.
1316 2711 1348 2734 36
1368 2707 1468 2740 aliqua]
1489 2709 1571 2741 aliqui
1592 2709 1622 2733 L.
1690 2710 1721 2733 37
1742 2706 1822 2740 quod]
1843 2709 1905 2740 quid
1925 2709 1955 2733 L.
2023 2717 2087 2739 ergo

450 2757 514 2779 dem
534 2756 565 2779 B.
649 2755 849 2787 Ephyphaniani
871 2755 901 2778 IJ.
984 2756 1016 2778 38
1037 2754 1201 2778 voluntatem
1222 2754 1252 2778 L.
1336 2755 1369 2778 39
1390 2751 1521 2784 Ianuarii]
1542 2754 1576 2777 ita
1596 2754 1670 2785 Any,
1698 2754 1854 2777 Ianuariani
1878 2753 1921 2777 lzoc
1940 2754 1989 2777 loca
2007 2761 2089 2777 onmes

451 2801 520 2824 νυιίιί.
540 2809 572 2824 A
592 2809 668 2831 snpra
687 2810 712 2830 μ.
727 2802 777 2823 ,7.Ἣῖ
798 2800 812 2823 ἰ.
830 2801 861 2822 ]ἶ“
880 2804 902 2822 (Ι
922 2802 962 2823 44.
984 2799 1052 2829 [nfra
1070 2808 1097 2829 p.
1111 2801 1162 2822 ἐφ’ἓν.)
1182 2799 1197 2822 l.
1214 2801 1245 2821 19
1264 2803 1286 2822 et
1305 2801 1359 2825 44).
1432 2802 1596 2822 senectutem
1617 2797 1648 2821 R.
2107 2805 2135 2824 50
