2242 3085
258 2235 285 2254 cf.
291 2234 338 2254 1011.
345 2234 376 2258 16,
385 2235 415 2254 23.

454 123 495 152 42
949 126 977 153 5.
1015 126 1232 155 CONCILIUM
1256 128 1455 155 ROMANUM
1480 129 1516 155 A.
1539 128 1611 155 745.

560 219 736 250 Zacharias
761 220 983 251 sanctissimus
1008 231 1045 252 ae
1070 220 1277 252 beatissimus
1302 232 1388 263 papa
1412 220 1510 252 djxit:
1545 221 1618 252 ‘Pro
1651 226 1748 261 certo,
1780 221 1944 253 karissimi
1961 222 2100 263 ⁴fratres,

453 279 483 303 et
515 272 700 314 praedictus
731 273 764 303 in
800 273 959 305 insaniam
991 285 1166 305 conversus
1197 273 1393 305 Aldebertus
1425 279 1456 305 et
1488 275 1599 314 omnis,
1637 274 1691 316 qui
1726 273 1810 305 hanc
1845 275 1945 306 utitur
1979 275 2100 306 scelere

453 331 702 356 commentatam
727 326 905 368 epistolam,
937 327 1146 369 parvulorum
1178 338 1265 358 more
1297 327 1420 369 absque
1451 329 1607 359 memoria
1637 328 1792 358 mentium
1817 338 1888 358 esse
1912 334 2046 369 possunt
2070 335 2102 360 et

453 378 646 420 quibusdam
671 379 814 410 mulieris
839 381 1004 411 insaniunt
1029 379 1188 411 sensibus.
1239 380 1304 411 Sed
1328 386 1363 411 ut
1386 392 1426 411 ne
1452 380 1589 411 leviores
1621 380 1725 411 adhuc
1757 380 1894 422 amplius
1926 381 2098 423 decipiant,

452 432 667 463 indiscussam
699 438 729 463 et
761 432 884 475 absque
916 434 1075 464 sententia
1107 444 1239 464 eausam
1269 433 1353 464 hane
1384 435 1417 464 in
1447 445 1519 464 eum
1543 433 1726 475 relinquere
1750 434 1882 464 minime
1906 435 2097 475 possumus¹.
2118 446 2130 465 5

453 485 655 516 Sanctissimi
687 487 831 527 episcopi
863 492 893 516 et
924 485 1128 517 venerabiles
1159 486 1331 528 presbiteri
1363 487 1614 528 responderunt:
1648 486 1710 517 ‘Ex
1742 487 1853 517 divina
1876 487 2098 518 inlustratione

453 539 677 580 cognoscimus
710 550 765 570 cor
798 540 901 570 sancti
931 540 1032 570 vestri
1063 539 1259 581 apostolatus
1291 539 1531 579 inluminatumg
1569 546 1600 570 et
1631 551 1714 581 quae
1746 551 1764 570 a
1789 539 1882 571 vobis
1914 539 2001 571 dieta
2026 546 2099 572 sunt

451 603 491 622 ex
517 592 792 623 administratione
817 593 920 623 sancti
945 592 1082 634 Spiritus
1108 598 1307 624 emanarunt.
1343 593 1385 624 Et
1409 593 1541 632 idcirco,
1566 598 1600 624 ut
1625 604 1643 623 a
1666 592 1759 624 vobis
1783 594 1967 635 praevisum
1991 593 2096 633 fuerit,

450 646 483 676 in
507 646 650 687 utrisque
676 646 833 676 sententia
859 645 1100 687 promulgetur⁷.
1148 646 1326 677 Zacharias
1351 647 1577 677 sanctissimus.
1597 658 1634 677 ae
1658 645 1862 677 beatissimus
1887 658 1973 688 papa
1998 646 2095 678 dixit:

451 699 532 730 ‘Non
564 705 598 729 ut
630 710 647 729 a
672 698 765 729 nobis
798 698 873 729 solis
904 700 1091 740 praevisum
1122 699 1234 739 fuerit,
1268 700 1324 730 sed
1355 700 1476 741 pariter
1508 711 1580 730 eum
1612 700 1781 730 sanctitate
1812 705 1921 730 vestra
1953 706 2001 730 est
2024 711 2095 741 per-
2117 711 2141 729 10

449 752 663 782 tractandum.
713 752 787 788 Sed,
820 752 846 781 si
869 752 1010 782 Domino
1043 752 1210 794 placuerit,
1242 754 1275 783 in
1299 753 1405 784 futuro
1431 753 1615 792 secretario,
1648 752 1733 794 quod
1762 758 1886 784 rectum
1910 754 2095 794 praevisum

449 806 545 836 fuerit
581 811 611 835 et
646 805 806 835 Dominus
843 806 908 835 suis
944 805 1071 836 famulis
1108 806 1397 843 administraverit,
1442 817 1483 836 ex
1526 805 1673 837 omnibus
1716 806 1796 836 actis
1839 805 2096 847 promulgabitur

449 859 627 890 sententia'.

556 958 663 991 (Aetio
688 958 804 989 terrm).
844 956 878 986 In
902 957 1030 987 nomine
1056 956 1174 987 domini
1193 957 1256 988 Dei
1282 963 1313 988 et
1338 957 1507 988 salvatoris
1531 957 1631 987 nostri
1652 956 1726 987 Iesu
1745 956 1873 987 Christi.
1910 957 2093 998 Imperante

448 1010 563 1040 domno
589 1010 733 1051 piissimo
758 1010 905 1048 Augusto
927 1009 1138 1041 Constantino
1162 1021 1280 1051 magno
1307 1011 1498 1052 imperatore
1523 1022 1606 1040 anno
1632 1010 1769 1049 XXVI„
1798 1015 1869 1051 post
1894 1010 2092 1041 consulatum
2114 1021 2138 1040 15

448 1064 516 1093 eius
541 1074 625 1093 anno
650 1063 701 1101 V.7
733 1074 843 1093 mensw
871 1062 1036 1101 Octobris),
1069 1063 1120 1093 die
1146 1063 1266 1103 XXV„
1298 1063 1473 1094 indictione
1498 1063 1620 1102 XIIII⁴⁷
1652 1063 1866 1105 praesedente
1891 1064 2092 1094 sanctissimo

447 1128 484 1146 ae
516 1116 702 1147 beatissimo
735 1116 850 1146 domno
884 1116 1043 1147 Zacharia
1075 1128 1160 1158 papa
1191 1117 1223 1146 in
1260 1117 1455 1158 patriarchio
1486 1117 1723 1155 Lateianense,
1761 1117 1792 1146 in
1828 1115 1972 1156 basilica,
2010 1128 2092 1159 quae

447 1169 628 1211 appellatur
659 1169 830 1202 Theodori,
869 1169 1119 1200 consedentibus
1156 1171 1251 1200 etiam
1287 1182 1359 1201 eum
1396 1181 1432 1200 eo
1470 1170 1678 1200 sanctissimis
1716 1170 1876 1211 episeopis
1908 1170 2092 1212 Epiphanio

448 1222 536 1253 Silva
562 1222 720 1259 Candida,
753 1223 930 1253 Benedicto
955 1224 1125 1263 Nomento⁷
1156 1223 1317 1254 Venantio
1348 1223 1535 1263 Penestrac7
1569 1224 1727 1264 Gregorio
1752 1223 1945 1261 Portuense,
1977 1223 2093 1254 Niccta

446 1275 570 1310 Gabiis,
600 1276 769 1307 Theodoro
797 1276 943 1312 Ostense,
977 1275 1128 1307 Gratius-o
1146 1276 1303 1307 Villitrias
1336 1288 1391 1307 seu
1416 1275 1657 1307 venerabilibus
1682 1275 1880 1317 presbiteris,
1913 1276 1946 1307 id
1971 1284 2019 1307 est
2042 1277 2091 1307 Io—
2112 1288 2138 1306 20

444 1330 550 1359 hanno
576 1329 857 1371 archipresbitero,
885 1328 1053 1371 Gregorio,
1081 1330 1255 1371 Stephano.
1281 1331 1357 1360 item
1384 1330 1559 1371 Stephano,
1583 1329 1768 1367 Dominico,
1798 1329 1979 1368 Theodoro,
2004 1330 2090 1360 Ana-

444 1384 552 1420 stasio,
579 1382 731 1424 Georgio,
759 1382 882 1424 Sergio,
909 1383 1079 1418 Iordanne,
1104 1383 1224 1416 Leone,
1250 1384 1325 1414 item
1350 1383 1470 1419 Leone,
1505 1382 1675 1423 Gregorio,
1709 1382 1884 1424 Stephano,
1909 1383 2089 1418 Eustathio,

443 1436 602 1477 Procopio
628 1442 724 1477 atque
749 1436 971 1477 Theophanis).

551 1490 747 1530 praepositis
772 1490 804 1519 in
830 1489 935 1519 medio
961 1490 1174 1520 saerosanctis
1201 1489 1388 1531 evangeliis,
1421 1489 1623 1519 adstantibus
1656 1500 1783 1530 quoque
1817 1489 2007 1520 diaconibus
2038 1489 2091 1520 vel

444 1549 559 1573 cuncto
585 1542 681 1581 clero,
715 1542 892 1583 Gregorius
924 1544 1066 1573 notarius
1092 1543 1292 1584 regionarius
1325 1550 1355 1573 et
1380 1542 1623 1573 numenculator
1648 1543 1746 1573 dixit:
1781 1542 1977 1574 ‘Secundum
2003 1543 2089 1584 quod
2110 1555 2135 1573 25

442 1607 459 1626 a
484 1602 591 1626 vestro
617 1602 727 1626 saneto
753 1596 932 1637 apostolatu
958 1602 1166 1637 praeceptum
1192 1602 1239 1626 est
1264 1597 1296 1626 in
1321 1596 1494 1637 praeterito
1520 1596 1703 1632 secretario,
1733 1601 1767 1626 ut
1791 1596 1984 1627 Deneardus
2010 1596 2087 1627 rele-

441 1650 549 1690 giosus
575 1649 734 1690 presbiter
758 1649 852 1680 hodie
879 1660 911 1679 se
936 1650 1052 1680 vestris
1078 1649 1243 1680 obtutibus
1261 1655 1492 1691 praesentaret,
1519 1656 1647 1690 praesto
1666 1655 1712 1679 est
1730 1661 1808 1690 prae
1826 1648 1958 1680 foribus.
2001 1650 2087 1689 Quid

440 1703 627 1743 praecipitis
637 1702 662 1732 ‘T
711 1702 845 1733 Dictum
871 1709 934 1733 est:
962 1703 1196 1743 ‘Ingrediatur'.
1246 1702 1391 1744 Cumque
1418 1703 1580 1744 ingressus
1605 1702 1727 1741 fuisset,
1753 1702 1928 1733 Zacharias
1954 1704 2086 1734 sanctis-

440 1756 537 1786 simus
570 1767 606 1786 ac
638 1755 842 1786 beatissimus
873 1767 958 1797 papa
991 1755 1087 1786 dixit:
1122 1755 1243 1786 ‘Habes
1275 1755 1380 1786 adhue
1413 1766 1454 1785 ex
1486 1755 1714 1796 sacrilegcmum
1740 1755 1865 1786 illorum
1892 1757 2084 1798 conscripto,

439 1814 473 1839 ut
509 1820 616 1840 eoram
654 1808 789 1839 concilio
826 1810 990 1850 porrigere
1028 1808 1148 1839 debeas
1184 1809 1393 1850 relegendum
1404 1808 1429 1839 ‘?'
1484 1808 1677 1839 Deneardus
1712 1808 1890 1849 relegiosus
1926 1809 2086 1850 presbiter

438 1862 621 1903 respondit:
649 1862 776 1899 ‘'Etiam,
802 1862 930 1893 domine
956 1863 1008 1899 mi,
1034 1862 1137 1893 habeo
1164 1863 1350 1894 orationem.
1378 1874 1471 1903 quam
1498 1861 1559 1892 sibi
1575 1861 1770 1892 Aldebertus
1789 1873 1971 1903 conponere
1996 1864 2084 1894 nisus

439 1923 501 1945 est:
536 1922 565 1946 et
598 1927 674 1946 eece
706 1927 783 1957 prae
816 1916 964 1946 manibus
997 1927 1067 1946 cam
1100 1928 1187 1957 gero.
1236 1915 1348 1946 Iubete
1374 1927 1444 1946 eam
1471 1914 1610 1956 suseipi'.
1659 1914 1700 1945 Et
1725 1915 1889 1956 accipiens
1914 1915 2026 1957 relegit
2052 1917 2083 1946 in

439 1969 487 1999 his
513 1969 715 2000 sermonibus
741 1970 929 2005 orationem,
956 1970 1046 1999 cuius
1072 1970 1197 1999 initium
1223 1969 1285 1999 tale
1312 1976 1375 1999 est:

546 2022 695 2052 kDomine
721 2022 811 2052 Deus
837 2023 1049 2064 omnipotens.
1076 2021 1195 2053 Christi
1220 2022 1277 2052 filii
1302 2022 1365 2052 Dei
1390 2028 1490 2063 pater⁷
1523 2021 1643 2051 domini
1668 2022 1767 2051 nostri
1792 2021 1867 2052 Iesu
1893 2021 2022 2062 Christi,
2053 2030 2083 2053 et

438 2076 465 2105 A
485 2084 514 2105 «ft
533 2076 587 2114 U),
614 2076 667 2117 qui
693 2075 778 2105 sedis
804 2087 900 2117 super
924 2077 1060 2117 septimo
1086 2075 1198 2105 throno
1224 2082 1254 2105 ct
1280 2086 1377 2116 super
1397 2074 1561 2105 Cherubin
1587 2080 1617 2105 et
1635 2074 1811 2116 Seraphim
1836 2076 1940 2116 pietas
1964 2087 2083 2117 magna
2102 2087 2128 2106 ³5

438 2135 467 2159 et
493 2129 701 2159 ‹luleitudinis
727 2130 802 2159 satis
829 2136 876 2159 est
901 2129 987 2170 apud
1012 2128 1079 2159 tibi.
1128 2129 1224 2159 Pater
1249 2134 1431 2159 sauctorum
1456 2127 1653 2169 angelorum,
1687 2129 1741 2169 qui
1772 2128 1877 2159 fecisti
1902 2129 2026 2160 caelum
2052 2135 2082 2160 et

437 2189 565 2221 terram,
598 2194 685 2212 mare
719 2191 749 2212 ct
774 2183 890 2221 (tannia,
924 2194 1006 2223 quae
1032 2183 1064 2212 in
1090 2183 1135 2212 eis
1161 2188 1243 2221 sunt,
1276 2188 1305 2212 te
1331 2182 1445 2212 invoco
1478 2187 1509 2211 et
1533 2180 1634 2211 clamo
1668 2187 1698 2211 et
1729 2182 1830 2211 invito
1855 2187 1885 2212 te
1911 2193 2008 2224 super
2031 2194 2081 2213 me

436 2236 598 2275 miserino,
629 2236 703 2276 quia
729 2242 761 2265 tu
787 2235 902 2276 dignus
927 2236 1014 2266 fuisti
1041 2235 1165 2265 dicere:
1200 2234 1435 2276 Quodcumque
1459 2235 1616 2276 petieritis
1642 2246 1659 2264 a
1684 2241 1774 2276 patre
1799 2235 1832 2265 in
1856 2235 1984 2265 nemine
2009 2246 2080 2266 meo

438 2288 511 2318 dedi
537 2288 639 2319 robis.
686 2289 715 2318 A
741 2295 770 2319 te
795 2294 880 2329 pem,
913 2300 930 2318 a
956 2294 985 2318 te
1012 2288 1125 2327 clamo,
1156 2300 1174 2318 a
1199 2288 1327 2319 domino
1354 2287 1480 2319 Christo
1507 2287 1632 2318 confido
1658 2289 1797 2318 animam
1821 2288 1946 2320 meam'.
1985 2288 2080 2319 Cum-

437 2352 497 2382 que
524 2353 580 2382 per
605 2342 749 2372 ordinem
774 2342 945 2383 legeretur,
973 2342 1119 2383 pervenit
1144 2341 1184 2372 ad
1209 2341 1324 2381 locum,
1350 2341 1405 2371 ubi
1430 2341 1488 2371 ait:
1516 2341 1666 2372 ‘Pi-aecor
1691 2352 1747 2372 vos
1774 2347 1804 2372 et
1826 2342 1957 2372 eoniuro
1974 2353 2032 2372 vos
2049 2347 2080 2372 et
2098 2353 2125 2372 40

435 2395 580 2435 supplico
607 2406 656 2425 me
682 2395 722 2425 ad
747 2406 814 2427 vos.
840 2395 974 2436 angelus
998 2394 1099 2434 Uriel‚
1126 2395 1259 2436 angelus
1282 2393 1416 2436 Raguel‚
1443 2394 1576 2435 angelus
1602 2394 1738 2434 Tubuel,
1770 2394 1903 2436 angelus
1927 2394 2077 2431 Michael,

435 2447 568 2488 angelus
593 2448 731 2481 Adinus,
758 2447 890 2489 angelus
916 2447 1059 2488 Tubuas,
1084 2447 1218 2489 angelus
1244 2447 1381 2487 Sabaoe,
1407 2447 1540 2488 angelus
1566 2447 1698 2478 Simiel'.

542 2500 627 2531 Dum
652 2513 728 2531 vero
754 2501 833 2531 haec
860 2502 959 2531 oratio
985 2501 1142 2542 sacrilega
1167 2512 1268 2542 usque
1294 2501 1326 2531 in
1350 2500 1447 2531 finem
1472 2500 1613 2542 perlecta
1638 2500 1761 2539 fuisset⁷
1786 2500 1962 2531 Zacharias
1987 2512 2077 2532 sanc-

435 2554 575 2584 tissimus
607 2565 643 2584 ac
676 2553 880 2584 beatissimus
911 2565 995 2596 papa
1022 2554 1119 2584 dixit:
1154 2554 1251 2593 ‘Quid
1276 2554 1317 2584 ad
1342 2553 1432 2591 haee,
1466 2554 1659 2584 sanctissimi
1690 2554 1815 2593 fratres,
1847 2554 2075 2595 responditis?

436 2607 636 2637 Sanctissimi
662 2608 805 2649 episcopi
831 2613 862 2638 et
887 2607 1088 2638 venerabiles
1114 2607 1284 2648 presbiteri
1310 2606 1559 2648 respsuulerunt:
1594 2606 1691 2645 ‘Quid
1723 2606 1809 2637 aliud
1834 2606 1994 2648 agendum
2020 2614 2076 2646 est,
2096 2619 2122 2637 45

543 2760 572 2783 12
593 2760 825 2790 adminystraverit
849 2758 882 2782 M,
962 2761 990 2783 14
1012 2764 1036 2783 et
1055 2760 1120 2783 deest
1140 2759 1174 2782 Jl.
1199 2760 1223 2783 (¹.
1302 2761 1331 2783 15
1353 2757 1540 2790 Constantino]
1561 2768 1576 2783 a
1590 2760 1648 2783 Deo
1670 2763 1799 2784 coronato
1820 2759 1934 2784 ercldisse
1954 2759 2074 2789 videntur,

431 2804 502 2834 ,1191er
577 2804 608 2827 39
631 2801 701 2830 dedi]
725 2803 793 2827 [ledo
818 2804 842 2826 Γ.
918 2805 949 2827 42
971 2804 1075 2827 Adiniis
1099 2804 1124 2827 (ζ’.
