2242 3085
66 718 90 736 10

66 984 90 1002 15

63 1251 90 1269 20

63 1517 89 1535 :²5

63 1783 89 1801 30

62 2050 89 2068 35

61 2316 88 2334 40

60 2581 88 2599 45

598 136 645 162 14.
683 135 900 162 CONCILIUM
925 136 1123 163 ROMANUM
1148 137 1183 162 A.
1204 137 1278 163 769⁴
1718 135 1756 164 77

109 234 159 260 est
183 229 342 260 sententia
366 228 407 259 ab
433 228 547 259 eodem
572 228 772 259 sacerdotale
798 228 934 259 concilio
960 227 1019 258 sub
1037 228 1251 259 anathematis
1269 230 1452 263 interdictu.
1479 230 1582 261 nullus
1606 243 1759 273 umquam

109 282 272 323 praesumi
295 281 451 313 laicorum
475 293 580 323 neque
607 293 647 312 ex
673 281 734 312 alio
760 281 882 319 ordine,
908 281 970 311 nisi
994 293 1053 323 per
1077 281 1245 312 distinctos
1270 283 1388 323 gradus
1406 284 1585 314 ascendens
1603 284 1759 315 diaeonus

109 340 165 366 aut
188 334 350 376 presbiter
375 334 548 365 cardinalis
574 335 678 365 factus
704 335 810 371 fuerit,
843 334 883 365 ad
908 346 1035 364 sacrum
1066 334 1272 375 pontificatus
1298 335 1450 366 honorem
1476 338 1669 378 promoveri.
1716 338 1760 368 Et

109 388 174 418 alia
208 387 311 429 plura,
349 399 431 429 quae
469 388 658 418 canonicam
694 387 885 429 indigebant
917 388 1166 431 correptionem,Q
1200 387 1232 417 in
1265 388 1377 418 eodem
1411 390 1547 419 concilio
1580 396 1761 421 statuerunt

110 440 323 472 emendanda.
360 441 412 471 De
438 441 599 482 episeopis
623 452 700 471 vero
719 446 815 482 atque
840 440 1028 482 presbiteris
1054 446 1085 471 01
1110 440 1310 477 diaconibus,
1336 453 1415 482 quos
1440 442 1509 483 ipse
1531 444 1759 474 (V'onstantinus

110 499 367 533 consecraverat⁷
401 494 445 524 ita
475 494 508 524 in
540 493 654 525 eodem
686 493 822 524 concilio
856 493 1093 535 promulgatum
1118 499 1175 532 est,
1207 498 1241 524 ut
1267 494 1411 535 episcopi
1437 495 1491 529 illi,
1518 496 1543 525 si
1569 497 1623 537 (1111
1649 508 1759 527 eorum

109 548 198 588 prius
223 546 395 588 presbiteri
420 552 475 577 aut
499 547 628 577 diaconi
653 547 791 585 fuerunt,
818 547 850 577 in
876 547 1009 588 pristino
1035 546 1164 576 honoris
1190 547 1238 577 sui
1264 547 1367 587 gradu
1392 554 1646 588 reverterenturg
1677 555 1708 579 et
1733 551 1760 580 si

108 599 278 641 placibiles
310 600 446 630 fuissent
477 611 611 641 quoram
642 599 761 641 populo
795 600 934 630 civitatis
960 611 1048 639 suae,
1081 599 1186 630 denuo
1212 599 1297 630 facto
1324 599 1454 630 decreto
1480 601 1645 631 electionis
1672 614 1758 633 more

110 653 213 692 solito,
240 664 313 684 cum
338 653 423 684 clero
450 658 481 684 et
504 653 600 694 plebe
626 653 667 683 ad
692 652 902 694 apostolicam
928 652 1137 683 advenissent
1161 652 1271 683 sedem
1297 658 1327 683 01
1351 653 1391 683 ab
1418 654 1531 684 eodem
1557 656 1759 685 sanctissimo

111 706 275 748 Stephano
300 718 386 748 papa
410 705 646 737 benedictionis
672 706 891 747 suscepissent
916 707 1201 737 consecrationem.
1251 705 1427 737 l'resbiteri
1459 718 1535 738 vero
1561 708 1605 738 illi
1631 719 1667 738 ac
1694 708 1760 738 ‹lia-

110 760 192 795 coni,
225 759 266 790 ab
298 759 412 790 eodem
445 758 656 790 Constantino
694 760 883 797 consecrati,
921 759 1016 789 simili
1051 759 1146 790 modo
1182 760 1215 789 in
1252 770 1304 797 eo7
1342 771 1404 801 quo
1441 761 1529 801 prius
1566 761 1760 793 existebant.

109 812 222 843 habitu
247 818 502 852 reverterentur3
536 818 567 843 et
598 812 813 854 postmodum,
846 813 873 842 si
904 813 959 854 qui
984 823 1094 843 eorum
1119 811 1287 853 placibiles
1313 813 1496 843 extitissent
1520 814 1661 844 antefato
1688 814 1760 844 bea-

111 866 234 896 tissimo
259 866 413 907 pontifici,
439 865 637 907 presbiteros
663 877 717 896 eos
742 871 796 896 aut
821 865 974 896 diaconos
1000 871 1238 905 consecrasset3
1272 871 1458 902 statuentes,
1491 872 1525 897 ut
1555 867 1608 904 hii,
1641 868 1694 909 qui
1720 880 1760 898 cx

110 919 156 949 eis
182 920 402 949 consecraturi
427 925 527 958 erant,
560 931 766 961 nequaquam
799 919 840 949 ad
871 919 1035 950 fortiorem
1067 919 1221 949 honorem
1246 919 1461 950 ascenderent
1484 931 1544 950 nec
1570 920 1610 950 ad
1636 921 1761 962 pontifi-

111 978 202 1003 catus
227 977 494 1013 promoverentur
519 972 656 1011 culmen,
682 984 722 1003 nc
747 972 819 1003 talis
845 973 963 1014 impius
988 973 1140 1003 novitatis
1166 984 1255 1003 error
1278 973 1310 1002 111
1336 973 1473 1003 ecclesia
1490 973 1555 1004 Dei
1580 974 1760 1015 pullularet.

110 1025 184 1067 lpse
209 1037 286 1056 vero
312 1025 473 1056 antefatus
500 1025 703 1056 beatissimus
730 1025 913 1067 Stephanus
939 1037 1025 1067 papa
1050 1037 1182 1067 quoram
1201 1027 1286 1057 omni
1305 1026 1497 1057 sacerdotali
1521 1027 1656 1068 collegio
1675 1027 1762 1058 clara

110 1090 190 1109 voce
216 1079 377 1118 clamavit,
404 1079 516 1109 (licens
541 1079 627 1109 nullo
653 1079 748 1109 modo
774 1091 807 1109 se
833 1079 915 1109 mitti
940 1084 996 1109 aut
1019 1079 1147 1120 penitus
1173 1078 1329 1109 declinari
1354 1080 1385 1109 in
1411 1080 1586 1110 eorundem
1604 1080 1761 1122 presbite-

109 1143 217 1162 rorum
235 1138 289 1162 aut
307 1132 518 1163 diaconorum
536 1133 823 1163 consecrationem.
860 1132 911 1163 De
932 1132 1022 1163 laicis
1040 1144 1126 1170 vero,
1146 1133 1199 1174 qui
1218 1132 1258 1163 ab
1277 1132 1390 1163 eodem
1409 1133 1620 1164 Constantino
1639 1134 1761 1175 presbi-

109 1186 169 1215 teri
194 1190 249 1216 aut
274 1185 403 1216 diaconi
428 1186 608 1216 consecrati
633 1190 715 1225 sunt,
742 1186 786 1216 ita
810 1185 1047 1227 promulgatum
1073 1191 1130 1223 est⁷
1156 1191 1190 1216 ut
1216 1187 1312 1222 (deest
1334 1187 1389 1221 D.)
1416 1187 1448 1216 in
1472 1187 1623 1228 religioso
1648 1187 1761 1218 habitu

109 1239 233 1269 eunctis
252 1238 366 1269 diebus
381 1239 466 1269 vitae
485 1250 595 1270 eorum
614 1239 681 1269 sive
700 1239 732 1269 in
750 1239 887 1280 propriis
902 1238 1050 1269 domibus
1064 1239 1115 1269 vel
1128 1238 1183 1269 ubi
1198 1239 1375 1270 voluissent
1387 1251 1578 1281 permanere
1593 1240 1760 1272 deberent.

109 1292 303 1322 Huiusmodi
329 1303 406 1323 vero
432 1292 643 1334 promulgatis
676 1292 843 1322 sententiis
880 1292 953 1323 ilico
984 1293 1128 1334 episcopi
1160 1292 1216 1327 illi,
1249 1294 1303 1334 qui
1335 1293 1376 1323 ab
1409 1293 1522 1324 01)(10111
1549 1293 1761 1324 Constantino

109 1346 290 1376 consecrati
316 1351 398 1385 sunt,
425 1352 624 1376 revertentes
650 1346 740 1376 iuxta
765 1345 910 1375 eiusdem
936 1345 1063 1376 concilii
1088 1347 1281 1376 sententiam
1298 1347 1329 1376 in
1347 1347 1481 1388 pristino
1499 1346 1628 1377 honoris
1645 1347 1760 1388 gradu,

109 1398 203 1429 electi
228 1398 333 1429 denuo
359 1410 378 1429 a
403 1399 488 1429 01010
515 1405 545 1429 01
570 1398 664 1440 plebe
690 1399 840 1440 factoque
866 1398 958 1429 solito
976 1399 1106 1429 decreto
1124 1399 1165 1429 ad
1183 1399 1292 1430 sedem
1311 1400 1520 1441 apostolicam
1538 1406 1760 1442 properantes,

109 1451 149 1482 ab
176 1451 290 1482 eodem
316 1453 518 1483 sanctissimo
550 1464 637 1494 papa
668 1452 848 1483 consecrati
873 1457 955 1482 sunt.
1003 1452 1086 1482 Nam
1115 1452 1287 1494 presbiteri
1314 1458 1345 1483 01
1370 1453 1498 1483 diaconi
1523 1453 1567 1483 illi
1591 1465 1693 1495 usque
1719 1454 1760 1484 ad

109 1510 245 1536 mortem
270 1506 370 1547 ipsius
395 1505 556 1547 pontificis
589 1506 635 1536 sie
667 1510 870 1535 remanentes
895 1516 1103 1547 nequaquam
1134 1505 1174 1536 ab
1201 1517 1237 1536 00
1263 1512 1337 1536 sunt
1362 1507 1551 1538 consecrati.
1600 1507 1649 1537 Ita
1674 1508 1759 1538 enim

110 1559 141 1588 in
167 1558 281 1589 eodem
307 1558 443 1589 concilio
469 1564 622 1589 statutum
648 1564 705 1593 est,
737 1564 772 1589 ut
796 1559 912 1597 onmia,
944 1570 1026 1600 quae
1059 1559 1181 1589 hisdem
1208 1559 1438 1590 Constantinus
1469 1560 1501 1590 in
1531 1559 1761 1591 ecclesiasticis

109 1612 319 1642 sacramentis
345 1623 383 1642 ac
409 1611 518 1643 divino
545 1612 631 1642 cultu
657 1613 731 1653 egit,
764 1613 878 1642 iterata
902 1612 1039 1643 fuissent
1062 1618 1192 1654 praeter
1217 1624 1343 1643 sacrum
1368 1612 1529 1654 baptisma
1554 1618 1585 1643 et
1610 1619 1756 1644 sanctum

109 1664 259 1695 chrisma.

215 1718 328 1749 Haecl
353 1730 431 1749 vero
463 1720 571 1749 onmia
602 1719 805 1760 promulgata
830 1720 981 1750 continuo
1007 1725 1038 1750 et
1062 1719 1192 1750 diversa
1216 1725 1401 1750 sanctorum
1425 1725 1551 1761 patrum
1577 1721 1761 1751 testimonia

108 1771 149 1802 de
181 1772 281 1802 sacris
311 1771 506 1813 imaginibus
531 1772 652 1802 domini
677 1772 740 1803 Dei
773 1778 804 1803 et
835 1772 1003 1803 salvatoris
1037 1773 1137 1803 nostri
1162 1773 1236 1803 Iesu
1262 1772 1381 1803 Christi
1413 1778 1608 1815 sanctaeque
1638 1780 1669 1804 01
1692 1774 1759 1815 glo-

108 1825 212 1855 riosae
240 1825 308 1855 eius
332 1825 504 1866 genetricis
530 1836 658 1866 semper
682 1826 816 1866 virginis
839 1826 962 1856 Mariae
988 1826 1137 1857 dominae
1162 1832 1290 1857 nostrae
1309 1833 1340 1857 et
1356 1826 1522 1857 beatorum
1541 1827 1759 1868 ap‹;›stolorum

108 1880 315 1920 omniumque
341 1883 525 1909 sanctorum
550 1890 587 1909 ac
612 1878 842 1920 prophetarum
867 1884 898 1909 01
922 1885 1099 1921 martyrum
1125 1891 1180 1910 seu
1206 1880 1425 1910 confessorum
1456 1880 1488 1910 in
1513 1880 1626 1911 eodem
1651 1880 1761 1911 adlata

108 1938 182 1963 sunt
206 1931 352 1963 concilio.
400 1932 442 1962 Et
473 1931 620 1962 subtilius
653 1937 769 1962 cuneta
800 1932 1017 1974 perdagantes
1049 1938 1229 1964 statuerunt
1259 1945 1376 1975 magno
1408 1933 1538 1964 honoris
1570 1934 1688 1964 affectu
1717 1934 1758 1964 ab

109 1985 257 2016 omnibus
290 1990 336 2028 (p.
355 1990 423 2018 477
440 1985 499 2025 D.)
525 1984 717 2015 Christianis
749 1986 836 2027 ipsas
868 1997 976 2016 sacras
1007 1987 1157 2016 venerari
1188 1986 1362 2027 imagines,
1400 1987 1493 2017 sicuti
1531 1986 1571 2017 ab
1609 1986 1757 2017 omnibus

108 2038 414 2080 praedecessoribus
439 2038 533 2069 huius
558 2038 754 2080 apost‹1›licae
780 2039 865 2069 sedis
897 2038 1104 2081 pontificibus
1136 2044 1167 2069 et
1196 2040 1319 2070 cunctis
1344 2039 1585 2070 venerabilibus
1610 2040 1757 2081 patribus

107 2103 210 2134 usque
236 2097 369 2123 actenus
394 2092 434 2122 de
459 2103 568 2122 earum
595 2091 724 2122 honoris
749 2092 867 2122 affectu
892 2091 1097 2123 observatum
1124 2098 1154 2123 et
1179 2093 1303 2123 cunctis
1328 2093 1369 2123 ad
1386 2094 1573 2123 memoriam
1591 2094 1663 2135 piae
1682 2105 1755 2124 con-

107 2146 290 2188 punctionis
309 2151 357 2176 est
372 2145 541 2185 traditum3
560 2145 794 2176 confundentes
808 2151 904 2187 atque
922 2145 1229 2176 anathematizantes
1247 2145 1463 2176 execrabilem
1481 2146 1566 2177 illam
1586 2147 1755 2188 synodum,

108 2211 191 2241 quae
216 2200 247 2230 in
275 2198 392 2230 Grecie
418 2198 561 2241 partibus
587 2211 690 2240 nuper
714 2199 799 2229 faeta
824 2204 872 2230 est
896 2211 953 2241 pro
979 2199 1178 2241 deponendis
1204 2200 1282 2240 ipsis
1307 2200 1406 2230 sacris
1431 2199 1626 2241 imaginibus
1639 2204 1657 2230 ‘-’.

214 2252 363 2294 Expletis
387 2264 465 2283 vero
491 2251 648 2289 omnibus,
675 2264 757 2294 quae
782 2253 815 2282 in
841 2252 954 2283 eodem
980 2253 1116 2283 concilio
1142 2252 1377 2294 promulganda
1401 2259 1502 2293 erant,
1528 2258 1603 2283 tunc
1629 2253 1754 2284 hisdem

108 2305 312 2337 beatissimus
337 2306 494 2348 pontifex,
520 2316 702 2347 aggregans
720 2306 888 2336 universos
906 2306 1089 2337 sacerdotes
1107 2312 1203 2347 atque
1222 2306 1341 2336 clerum
1360 2311 1391 2336 et
1416 2311 1564 2337 cunctum
1590 2307 1754 2348 populum.

107 2359 243 2401 profecti
269 2365 343 2389 sunt
367 2359 407 2390 ad
432 2358 562 2389 beatum
580 2359 711 2389 Petrum
730 2360 911 2401 principem
930 2359 1146 2401 apostolorum
1165 2371 1237 2390 cum
1262 2359 1389 2401 hymnis
1415 2365 1445 2390 et
1471 2360 1604 2390 canticis
1630 2361 1755 2401 spirita-

108 2412 201 2451 libus,
235 2412 327 2443 nudis
352 2412 489 2454 pedibus
515 2411 712 2442 incedentes.
760 2412 895 2454 Illicquc
921 2413 952 2442 in
984 2411 1153 2443 ambonem
1185 2411 1365 2443 ascendens
1390 2413 1543 2443 Leontius
1569 2414 1755 2443 scriniarius

108 2471 235 2504 cuncta⁷
268 2477 350 2507 quae
382 2466 415 2496 in
446 2465 559 2495 eodem
585 2471 718 2507 peracta
743 2471 815 2495 sunt
840 2465 987 2505 concilio,
1020 2471 1155 2496 extensa
1180 2477 1259 2496 voce
1285 2465 1362 2505 legit
1386 2466 1520 2507 popul03
1553 2466 1609 2497 sed
1637 2472 1667 2496 et
1691 2472 1755 2496 tres

108 2520 263 2561 episcopi,
297 2519 328 2550 id
355 2525 403 2550 est
428 2519 606 2559 (1101101103
633 2518 723 2550 Silva
748 2519 906 2552 Candida,
938 2519 1120 2550 Eustratius
1145 2518 1272 2549 Albano
1305 2525 1335 2549 et
1360 2519 1539 2550 Teodosius
1570 2519 1685 2553 Tibur,
1723 2520 1752 2549 111

108 2572 220 2603 eodem
246 2573 431 2614 praedictae
457 2572 614 2603 ecclesiae
640 2572 777 2603 ambone
803 2572 1015 2603 ascendentes
1046 2572 1259 2602 anathematis
1290 2572 1517 2613 obligationem
1544 2573 1754 2613 protulerunt.

217 2702 244 2727 11
283 2701 383 2729 (ἸΙίηιυ
414 2701 541 2735 refer-lm·
573 2702 606 2727 ‘le
637 2701 745 2727 stt-'iane
775 2705 888 2737 qum-ta,
921 2701 981 2727 lirul
1011 2701 1173 2737 quibusdam
1202 2705 1265 2736 pos!
1297 2700 1438 2727 vum-ilium
1475 2701 1544 2727 artis
1575 2701 1753 2736 iulet-pusilis.

109 2753 139 2789 2)
164 2754 209 2781 Dc
233 2754 347 2781 ema-illo
373 2754 681 2790 Causamtinopnlstmw
705 2764 781 2781 annu
806 2755 872 2782 7:34.
899 2754 990 2781 habito
1019 2754 1058 2788 tf.
1086 2754 1196 2788 Iqu'elr‘,
1230 2754 1549 2789 ¹Cr111‹·e'lir²715(v.w·laelvldr''
1576 2755 1616 2780 ml.
1647 2757 1670 2781 ζ).
1701 2754 1752 2781 ΙΙΙ.

106 2809 164 2837 1110
180 2818 239 2844 sqq.
