2242 3085
73 713 96 731 ¹0

75 980 97 998 15

74 1246 99 1264 20

75 1512 100 1531 25

77 1779 101 1798 30

76 2053 100 2071 35

76 2408 102 2425 40

76 2637 101 2655 4¹52

573 130 623 155 34.
661 130 875 156 CONt'lLIUM
900 130 1157 156 ARELATENSE
1183 131 1218 156 A.
1241 132 1314 157 ⁸125.
1701 129 1762 157 ⁴249

116 223 237 253 tissima
267 222 468 264 praestolari.
516 223 620 264 Igitur
651 234 723 253 cum
755 222 834 252 haec
867 223 1019 252 attentius
1052 228 1234 264 agerentur.
1268 225 1313 254 sic
1345 225 1375 254 in
1408 225 1529 255 eisdem
1563 224 1763 255 venerabiles·

115 276 203 306 missi
236 275 458 317 gloriosissimi
489 287 527 306 ac
552 276 689 317 piissimi
720 274 829 305 domni
861 276 970 308 nostri.
1004 275 1164 306 Iohannes
1196 276 1418 307 Arelatensisl
1450 278 1628 308 aecclesiae
1661 278 1763 309 arehi-

116 329 287 370 episcopus
312 340 437 359 necnon
463 335 494 360 et
519 328 685 359 Nibridius
710 327 955 358 Narbonensis-²
980 328 1085 359 saedis
1111 329 1384 371 archiepiscopus,
1415 337 1583 371 surgentes
1609 337 1765 362 steterunt

115 382 147 412 in
172 381 278 412 medio
304 381 432 412 concilii
457 387 488 412 et
512 381 679 412 dixerunt:
714 381 926 411 ‘Sanctissimi
952 387 983 411 et
1007 382 1267 412 venerantissimi
1294 383 1489 416 sacerdotes,
1515 384 1764 425 gloriosissimus

116 435 234 465 etenim
259 446 297 465 ac
323 435 545 465 serenissimus
570 434 706 465 domnus
730 440 850 466 noster.
882 434 1110 465 ferventissimi
1143 435 1260 465 amoris
1286 435 1407 465 (Jhristi
1436 437 1509 477 igne
1536 448 1709 467 succensus
1735 444 1765 468 ct

116 494 246 518 sanetae
272 488 407 518 actionis
432 499 492 529 ope
517 487 705 529 perfunctus
730 492 839 528 utpote
865 498 960 517 verus
979 486 1099 518 Christi
1121 487 1297 529 discipulus
1319 494 1350 518 et
1371 489 1519 521 imitator.
1546 490 1682 521 eclesiae
1701 491 1764 521 ]›‹·i

116 549 232 571 statum
257 540 347 582 vigili
379 541 532 571 instantia
563 539 715 571 roborare
748 540 899 581 disponit,
930 541 1049 571 sanctis
1075 540 1138 571 Dei
1164 540 1307 572 basilicis
1333 553 1402 572 sese
1427 542 1597 573 mirificum
1623 543 1764 583 exhibet,

116 594 255 635 maligna
282 599 393 625 contra
418 605 451 624 se
477 593 703 624 observatione
729 593 900 634 agentibus
925 594 1023 624 animi
1049 593 1197 624 libertate
1223 595 1407 635 gratissima
1424 606 1461 625 ac
1480 596 1531 636 pie
1550 597 1764 627 miserationis

116 648 267 678 instantia
293 648 462 688 ignoscere
487 646 666 679 consuevit.
698 652 732 677 ut
764 647 819 688 qui
847 647 879 677 in
905 646 1042 677 diversis
1068 654 1199 678 sanctae
1224 649 1310 678 vitae
1343 648 1456 678 studiis
1482 659 1551 679 sese
1581 649 1764 679 ex‹‚=rcon‹lo

116 700 293 742 praepollet
319 707 414 742 atque
441 699 588 730 omnibus
613 699 678 730 Dei
703 699 927 730 sacerdotibus
953 699 1128 731 obsecrans
1161 706 1192 731 et
1223 700 1398 733 obtestans.
1430 707 1463 731 ut
1489 701 1654 734 ecclesias.
1687 714 1765 743 quas

116 753 276 795 regendas
301 758 522 795 susceperunt,
547 753 602 794 pia
625 753 867 794 praedicatione
893 754 1062 791 instruant,
1092 753 1235 784 moribus
1262 755 1381 785 sanctis
1406 760 1564 785 exornent
1588 766 1625 785 ac
1651 755 1765 785 beatae

117 808 201 837 vitae
228 806 384 848 exemplis
410 805 591 837 aedificent.
641 806 805 845 Quocirca
830 807 980 848 quoniam
1006 818 1063 848 pro
1089 813 1135 838 tot
1159 808 1321 849 tantisque
1346 807 1525 843 beneficiis,
1555 819 1637 849 quae
1663 808 1765 839 multi-

117 860 211 891 moda
243 860 414 891 devotione
447 859 605 890 ecclesiae
636 859 701 889 Dei
737 859 789 890 vel
824 859 974 901 gentibus
1005 871 1201 902 praerogare
1234 861 1350 895 studet,
1388 861 1465 902 quid
1497 861 1541 891 illi
1572 862 1766 892 unanimitas

117 920 225 944 imstra
262 912 422 954 condigne
458 912 663 954 respondeat.
700 913 846 943 invenire
882 924 945 943 non
982 913 1159 955 praevalet,
1195 914 1229 944 id
1261 914 1391 944 salutari
1428 914 1646 955 [novidtentia.
1684 926 1765 956 quae

118 978 245 1008 semper
270 972 317 997 est
341 966 427 997 utilis
459 986 500 988 —
532 967 628 997 immo
661 977 789 1007 semper
820 972 868 997 est
891 966 969 997 utile
995 967 1081 1008 quod
1105 978 1216 997 veram
1242 968 1382 1008 pertinet
1407 967 1448 997 ad
1474 967 1609 998 salutem
1634 988 1686 1000 j,
1713 967 1766 998 dc-

119 1020 220 1050 cernit
245 1026 340 1061 atque
367 1020 512 1056 instituit,
538 1025 572 1050 ut
596 1025 660 1050 tam
685 1031 743 1061 per
768 1031 878 1050 omnes
903 1020 1050 1050 civitates
1068 1020 1120 1051 vel
1137 1020 1218 1059 loca,
1244 1021 1275 1050 in
1294 1020 1411 1062 quibus
1429 1020 1522 1051 sedes
1541 1021 1766 1062 episcoporum

119 1085 188 1103 csse
214 1078 399 1108 noscuntur,
426 1084 522 1114 quam
548 1073 643 1103 etiam
669 1084 727 1114 per
752 1073 927 1103 eorundem
951 1074 1176 1115 episcoporum
1194 1073 1339 1104 dioceses
1358 1075 1481 1105 cunctis
1499 1074 1624 1109 diebus,
1650 1074 1766 1116 quibus

119 1126 219 1157 isdem
246 1126 381 1157 domnus
406 1131 516 1156 noster
540 1126 573 1156 in
598 1126 658 1156 hac
682 1126 751 1157 vita
776 1132 939 1168 superstes
965 1127 1134 1161 exstiterit,
1160 1138 1217 1168 pro
1243 1138 1280 1157 eo
1306 1127 1358 1157 vel
1382 1139 1439 1169 pro
1465 1129 1589 1158 cunctis
1608 1128 1676 1158 eius
1694 1128 1766 1158 filiis

119 1180 169 1211 vel
194 1179 320 1210 filiabus
346 1179 579 1210 sacrificiorum
604 1179 676 1210 Deo
708 1179 864 1210 libamina
896 1180 1097 1215 dedicentur,
1130 1180 1183 1221 pia
1215 1181 1394 1211 orationum
1427 1187 1501 1211 vota
1533 1181 1699 1211 stdvantur
1730 1193 1766 1212 ac

119 1246 191 1264 cum
216 1233 391 1275 gratiarum
417 1233 543 1263 actione
569 1244 708 1274 superno
733 1233 856 1263 numini
882 1233 1156 1267 ctnnmendentur,
1182 1239 1217 1264 ut
1241 1233 1403 1264 desideria
1426 1235 1457 1264 in
1484 1235 1529 1264 eis
1547 1234 1632 1265 bona
1649 1234 1766 1265 cotidie

119 1286 380 1328 inultiljilicentur,
400 1286 643 1317 adversantium
661 1287 832 1316 conamina
849 1287 974 1317 virtutis
993 1286 1122 1317 divinae
1141 1286 1276 1317 dextera
1295 1288 1549 1329 confringantur,
1568 1287 1767 1328 indulgentia

120 1347 150 1371 et
181 1340 286 1381 gratia
318 1340 363 1370 eis
396 1351 414 1370 a
444 1351 502 1370 sua
533 1339 757 1370 misericordia
793 1340 991 1375 cmiferatur,
1028 1345 1063 1370 ut
1099 1351 1175 1370 suae
1207 1341 1370 1381 potentiae
1407 1340 1594 1371 defensisme
1631 1342 1767 1382 protecti

120 1394 244 1435 antiqui
276 1393 375 1423 hostis
408 1392 591 1435 decipulam
623 1392 763 1423 evadant
795 1398 825 1423 et
857 1393 999 1423 caritatis
1030 1404 1162 1423 munere
1195 1404 1232 1423 ae
1265 1394 1350 1424 vitae
1382 1393 1579 1435 longevitate
1611 1394 1767 1435 pollentes

120 1447 208 1477 adire
234 1452 419 1477 mereantur
443 1452 515 1488 post
539 1446 707 1476 transitum
733 1446 876 1476 sidereas
901 1446 1110 1476 mansiones'.

227 1499 290 1538 Qui
317 1511 389 1530 cum
415 1500 561 1541 sequenti
588 1499 639 1530 die
651 1501 662 1518 ⁵³
693 1500 724 1529 in
757 1499 870 1530 eadem
900 1499 1019 1530 eclesia
1044 1500 1145 1530 saneti
1171 1511 1208 1530 ae
1234 1499 1412 1531 beatissimi
1438 1500 1594 1542 Stephani
1618 1502 1768 1542 martyris

120 1553 236 1584 debitis
261 1553 293 1583 in
319 1552 449 1583 sedibus
475 1552 664 1586 locaremur,
690 1553 774 1583 inter
799 1558 937 1589 caetera,
964 1564 1046 1594 quae
1072 1552 1233 1584 subterius
1259 1553 1398 1584 discreto
1424 1553 1636 1595 capitulorum
1658 1554 1768 1584 (ιι-ἀίω·

120 1614 192 1637 sunt
218 1606 353 1647 digesta,
386 1617 449 1637 non
481 1606 610 1636 aliunde
642 1607 781 1648 primuni
806 1607 972 1648 coepimus
1004 1605 1123 1637 habere
1148 1618 1329 1637 sermonem
1356 1618 1451 1649 quam
1476 1607 1515 1638 de
1541 1612 1668 1638 nostrae
1693 1607 1768 1637 fidei

120 1661 269 1702 puritate.
319 1659 359 1690 Et
384 1660 459 1701 quia
491 1660 657 1690 initiandis
689 1659 729 1690 ab
762 1659 890 1690 beatam
922 1660 1021 1690 vitam
1052 1659 1234 1690 hominibus
1260 1660 1339 1691 haee
1366 1661 1466 1702 prima
1492 1672 1620 1702 semper
1645 1666 1692 1691 est
1716 1661 1769 1691 via

121 1713 241 1744 salutis.
278 1713 411 1754 praevia
447 1724 574 1755 quoque
610 1713 726 1744 nostris
763 1718 795 1743 et
826 1713 978 1743 institutis
1010 1713 1132 1754 pariter
1163 1719 1193 1743 et
1225 1714 1418 1755 praeceptis,
1456 1725 1538 1755 quae
1570 1725 1628 1755 per
1658 1725 1768 1744 veram

121 1766 345 1797 credulitatem
378 1767 409 1796 in
445 1767 531 1797 omni
567 1772 724 1797 terrarum
757 1765 833 1796 orbe
866 1766 983 1796 diffusa
1016 1765 1221 1807 expanditur,
1258 1773 1385 1797 nostrae
1418 1767 1597 1798 collationis
1634 1767 1769 1809 eloquiis

120 1819 335 1862 praedicetur,
361 1820 529 1861 praedicta
547 1820 707 1850 veraciter
730 1825 888 1858 teneatur,
915 1825 1039 1850 retenta
1064 1820 1095 1850 in
1120 1819 1341 1861 penetralibus
1360 1821 1459 1850 nostri
1478 1821 1616 1862 pectoris
1635 1820 1768 1851 inlibata

120 1880 275 1904 servetur.

226 1935 284 1966 De
310 1935 500 1966 evidenti
526 1935 763 1966 catholicae
788 1935 890 1965 fidei
916 1936 1109 1966 veritate.
1148 1935 1242 1977 Pap.
1270 1936 1293 1966 Ι.
1332 1936 1517 1967 Secundum
1536 1936 1662 1966 divinas
1685 1937 1768 1967 enim

120 1989 296 2030 scripturas
321 1994 352 2019 et
370 1988 559 2025 doctrinam,
586 2000 681 2030 quain
699 2000 718 2019 a
735 1989 854 2019 sanctis
873 1988 1018 2030 patribus
1036 1989 1233 2030 accepimus,
1259 1995 1382 2031 patrem
1401 1995 1432 2019 et
1448 1989 1547 2020 tilium
1566 1995 1597 2020 et
1615 1989 1768 2031 Spiritum

120 2048 266 2072 sanctum
290 2043 385 2072 unius
411 2041 539 2072 deitatis
564 2047 660 2084 atque
686 2041 883 2072 substantiae
911 2042 1109 2072 confitemur.
1158 2042 1194 2072 In
1226 2054 1436 2083 personarum
1469 2042 1655 2073 diversitate
1680 2043 1768 2073 trini-

120 2102 217 2126 tatem
251 2095 430 2135 eredentes,
463 2096 494 2125 in
528 2095 696 2126 divinitate
728 2096 882 2126 unitatem
915 2095 1141 2137 praedicantes
1173 2106 1232 2125 nee
1265 2107 1419 2137 personas
1451 2096 1677 2126 confmulimus
1709 2108 1768 2126 nec

121 2148 334 2179 substantiam
359 2160 556 2190 separamus.
604 2148 735 2179 Patrem
759 2160 778 2179 a
802 2148 888 2179 nullo
920 2149 1039 2179 factum
1066 2148 1117 2179 vel
1148 2149 1292 2190 genitum
1324 2149 1477 2187 dicimus,
1509 2149 1609 2179 filium
1635 2160 1653 2179 a
1676 2155 1767 2191 patre

122 2213 183 2233 non
208 2202 339 2238 factum,
365 2202 422 2232 sed
446 2202 590 2243 genitum
615 2202 804 2241 asserimus-3
831 2201 986 2243 Spiritum
1010 2214 1088 2232 vero
1113 2208 1259 2232 sanctum
1285 2213 1344 2232 nee
1371 2208 1513 2233 creatum
1536 2214 1596 2232 nce
1613 2203 1767 2243 genitum,

121 2255 177 2285 sed
203 2255 430 2296 procedentem
457 2266 497 2285 ex
522 2261 612 2297 patre
639 2260 668 2286 et
692 2255 756 2286 filio
781 2256 978 2297 profitemur.
1020 2255 1128 2297 Ipsum
1154 2263 1260 2286 autem
1287 2255 1450 2286 dominum
1470 2255 1574 2286 Iesum
1593 2255 1767 2288 Christum,

232 2401 237 2422 1
262 2399 425 2430 praestolare
446 2399 482 2429 M,
503 2399 642 2430 prestolari
664 2400 694 2423 X.
764 2402 777 2422 3
800 2400 938 2423 Nidibrins
961 2400 990 2424 X.
1058 2401 1071 2424 ἵ
1094 2400 1184 2423 exibet.
1205 2400 1235 2423 X.
1301 2403 1315 2422 9
1336 2397 1390 2430 qni]
1411 2408 1461 2431 que
1484 2399 1514 2423 X.
1582 2401 1612 2424 12
1634 2398 1768 2431 quoniam]

121 2452 174 2475 qno
198 2444 228 2467 X.
324 2445 354 2467 13
375 2443 417 2467 vel
437 2442 575 2475 gentibus]
596 2444 757 2475 degentibus
779 2443 813 2468 Jl,
905 2442 1079 2476 praerogare]
1102 2453 1250 2476 prorogare
1272 2444 1302 2468 N.
1397 2445 1426 2468 17
1449 2453 1506 2468 esst·
1527 2458 1560 2459 j
1581 2445 1767 2476 episcoporum

119 2489 208 2512 «lasum
229 2488 259 2511 X.
346 2489 375 2511 1⁸
397 2486 491 2518 isdem]
514 2488 615 2512 hisdem
637 2488 667 2512 N.
752 2489 869 2512 extiterit
890 2488 918 2512 N
1004 2490 1034 2512 19
1057 2489 1107 2512 Dei
1129 2488 1159 2512 N.
1242 2490 1274 2512 20
1295 2486 1406 2519 numini]
1428 2489 1529 2512 nomini
1552 2488 1582 2514 X.
1656 2487 1768 2518 cotidie!

121 2537 185 2564 quot
207 2533 250 2556 die
272 2533 302 2556 X.
366 2534 398 2556 23
419 2532 543 2564 decipula
564 2532 595 2557 X.
658 2534 690 2557 25
711 2530 822 2563 eclesia]
844 2533 976 2557 ecclesiae
998 2533 1028 2557 X.
1091 2534 1123 2557 26
1144 2533 1293 2557 locaremus
1318 2533 1345 2556 λ’.
1410 2533 1531 2556 οιτὶίωἪι
1555 2533 1584 2557 N.
1641 2534 1673 2557 22*
1696 2534 1767 2556 insti-

120 2582 176 2601 tuta
199 2577 230 2601 X.
305 2578 335 2601 31
359 2574 507 2608 praedicta]
527 2577 562 2601 ιἰα
583 2577 617 2601 Μ.
638 2577 670 2603 Χ,
691 2578 850 2609 praedicata
869 2578 923 2601 edd.
1000 2575 1113 2608 retenta]
1135 2581 1266 2609 retmnpta
1290 2578 1319 2601 λ’.

227 2632 260 2654 33
282 2631 321 2654 De
343 2644 376 2646 ⁷⁴
396 2631 508 2654 veritate
528 2630 617 2654 desunt
636 2630 668 2654 X.
753 2630 913 2655 cattholioav
935 2631 971 2654 ill.
1057 2631 1163 2655 divinas
1185 2629 1263 2661 enim]
1285 2632 1353 2654 enim
1375 2631 1480 2654 divinasv
1505 2631 1533 2654 λ’.
1627 2633 1658 2653 37»
1680 2629 1767 2661 atquc*

123 2683 205 2706 nsque
227 2675 258 2698 X.
333 2675 517 2699 diversitatem
541 2674 570 2698 λ’.
645 2676 676 2699 36
699 2683 839 2707 personam
863 2675 896 2698 ill.

232 2801 259 2833 l)
284 2802 468 2829 &ll—819.
564 2800 593 2833 ⁶2⁴)
619 2801 679 2829 799
704 2816 745 2818 —
767 2805 830 2837 post
853 2804 923 2829 822).
1019 2802 1048 2827 33>
1077 2801 1129 2827 Ι)ίι’
1157 2802 1198 2829 ΙΙ.
1226 2801 1324 2827 mamis
1353 2801 1431 2827 Mali.

177 2859 218 2879 Ι.[,,
241 2858 340 2877 Coneiliu.
358 2859 385 2877 Η,
