2242 3085
102 703 126 722 10

102 968 125 987 15

97 1243 124 1261 20

95 1511 121 1530 25

93 1786 119 1804 30

92 2053 117 2072 35

90 2379 117 2398 ⁴0

89 2691 116 2710 45

567 119 616 146 39.
655 120 871 148 CONCILIUM
896 119 1225 151 AQUISGRANENSE
1251 123 1286 149 A.
1309 123 1381 149 816.
1734 122 1797 152 343

149 216 283 242 caelestia
307 216 430 251 sapiunt,
454 220 569 243 terrena
593 217 753 252 dispiciunt,
780 218 1007 244 contradicentes
1031 227 1116 245 sanae
1141 220 1286 246 doctrinae
1303 221 1487 255 redarguunt,
1513 222 1700 249 oboedientes
1718 223 1797 249 insti-

148 272 243 301 tuunt,
267 269 370 296 sanctis
395 269 556 299 virtutibus,
582 271 682 304 quibus
707 271 734 297 in
759 271 819 297 dies
843 271 967 305 singulos
990 271 1060 298 fiant
1077 272 1139 298 Deo
1164 274 1387 307 propinquiores,
1413 275 1577 301 incumbunt
1603 279 1631 302 et
1659 279 1715 301 tam
1740 277 1796 302 suis

148 330 231 355 quam
254 322 385 355 omnium,
411 323 458 356 qui
481 332 533 357 per
557 332 605 350 eos
630 324 805 356 erudiuntur,
831 325 1012 358 provectibus
1037 325 1103 351 clari
1128 326 1171 351 hic
1197 327 1310 360 quidem
1334 327 1413 354 velut
1436 332 1550 362 gustum
1569 329 1712 363 quendam
1730 338 1795 355 con-

147 374 331 409 templativae
356 375 442 408 vitae,
467 384 522 410 quo
547 377 583 402 ad
608 385 669 403 eam
693 377 850 403 ferventius
873 381 1072 411 provocentur,
1097 379 1249 412 accipiunt,
1278 380 1328 406 sed
1352 380 1391 406 ibi
1415 381 1467 406 iam
1488 382 1516 407 in
1533 386 1679 408 aeternum
1697 381 1795 409 felices

148 427 243 454 effecti
267 428 302 454 de
328 429 387 454 eius
411 429 586 463 perfectione
611 430 788 464 gaudebunt.
829 430 951 457 Proinde
976 440 1031 457 non
1056 431 1198 463 inflantur,
1225 433 1290 466 quia
1313 433 1356 459 hic
1381 434 1501 459 omnium
1525 434 1651 461 fidelium
1676 435 1792 462 catholi-

147 489 241 507 corum
263 481 436 508 honorantur
459 486 490 508 ut
514 483 616 517 capita,
642 484 693 509 scd
717 483 842 509 letantur
866 484 969 518 potius,
995 484 1061 518 quia
1084 484 1123 510 ibi
1147 484 1260 517 Christi,
1286 486 1333 520 qui
1359 490 1401 512 est
1427 487 1603 513 sacerdotum
1622 497 1653 514 ac
1670 487 1796 515 fidelium

145 534 266 560 omnium
296 538 391 569 caput,
424 536 539 562 clariora
568 536 692 562 membra
722 536 808 562 futuri
832 540 908 562 sunt.
952 536 991 563 At
1015 538 1046 569 si,
1080 538 1155 572 quod
1180 538 1261 570 absit,
1294 539 1484 565 saecularibus
1516 541 1635 574 negotiis
1662 542 1796 575 implicati

144 587 295 614 fundorum
319 588 452 614 terminos
476 589 535 615 sine
561 589 680 615 termino
704 589 868 623 cupiditatis
894 590 1051 616 extendant
1075 600 1107 617 ac
1132 600 1161 618 se
1186 592 1289 625 passim
1307 593 1451 626 exquisitis
1469 593 1576 619 deliciis
1595 594 1696 620 ditant.
1723 604 1794 628 quae

145 641 265 667 animum
290 650 446 676 corpusque
472 642 633 674 debilitant,
657 643 681 668 si
705 643 820 677 gloriam
844 651 899 669 non
917 642 1031 675 Christi,
1057 645 1107 670 sed
1132 653 1219 677 snam,
1245 645 1359 679 decepti
1377 645 1452 679 vulgi
1477 646 1615 672 adolantis
1633 647 1793 676 honoribus,

145 697 284 727 quaerant
308 697 428 729 plusque
455 695 490 721 de
515 705 544 721 se
570 696 679 722 alienae
704 696 816 730 linguae
843 706 927 730 quam
951 705 1018 723 suae
1044 698 1233 724 conscientiae
1259 699 1386 727 credant,
1413 699 1434 724 si
1459 708 1540 725 omne
1564 700 1697 734 gaudium
1714 710 1792 726 sumn

144 755 199 772 non
223 747 251 772 in
275 747 432 774 futurorum
455 749 681 775 remuneratione
706 758 760 776 nec
786 750 814 775 in
838 750 990 776 sanctitate
1015 751 1099 782 vitae,
1125 751 1176 777 scd
1201 751 1228 776 in
1253 760 1303 777 sua
1326 756 1436 777 tantum
1462 752 1599 786 dignitate
1621 754 1794 779 constituant

144 803 183 831 et,
208 800 274 826 dum
298 800 369 827 tales
394 810 466 834 csse,
498 804 596 836 quales
621 803 785 835 creduntur,
812 807 916 833 amant,
948 813 1098 838 numquam
1130 804 1182 830 sibi
1207 804 1378 838 displiceant
1402 814 1443 833 ac,
1470 807 1617 839 placentes
1642 807 1705 837 sibi,
1740 816 1795 832 non

143 853 199 878 sint
223 854 259 880 de
283 862 334 880 sua
357 855 530 881 correctione
555 855 681 881 solliciti:
714 856 775 890 quis
799 865 854 883 non
878 857 1028 891 intellegat
1053 859 1135 889 talcS,
1160 858 1182 882 si
1206 857 1234 883 in
1259 857 1362 883 talibus
1387 863 1573 892 perseverent
1596 868 1649 885 nec
1674 869 1703 885 se
1729 864 1794 886 ante

143 905 228 932 finem
259 907 332 933 vitae
362 908 520 941 praesentis
552 909 718 941 emendent,
750 911 987 944 contemplativae
1019 911 1093 936 vitae
1125 911 1278 945 participes
1309 920 1370 937 csse
1402 920 1456 937 non
1487 912 1593 946 posse?
1641 912 1685 938 Ad
1711 922 1793 946 quam

143 967 199 985 non
222 961 389 994 perveniant
406 962 459 987 nisi
476 962 523 995 qui
546 963 707 989 studuerint
733 972 794 989 esse
820 964 894 997 quod
919 964 987 990 facti
1011 967 1075 989 sunt
1100 973 1152 990 nec
1177 963 1313 990 affectant
1338 965 1437 996 videri,
1463 965 1513 991 sed
1539 974 1600 992 esse
1626 966 1702 999 quod
1719 971 1794 997 sunt,

143 1021 198 1038 non
222 1013 320 1039 alicnis
344 1013 484 1046 laudibus,
517 1015 567 1041 sed
591 1016 713 1042 moribus
737 1017 794 1042 suis
819 1017 911 1042 eximii
936 1026 988 1043 nec
1012 1019 1099 1043 solum
1124 1018 1160 1043 dc
1185 1026 1235 1043 sua
1259 1017 1408 1051 dignitate,
1442 1018 1492 1044 sed
1516 1019 1610 1052 potius
1636 1019 1670 1045 dc
1696 1029 1788 1046 sacer-

143 1065 244 1092 dotalis
275 1067 349 1093 vitae
374 1068 522 1094 nobilitate
547 1069 700 1103 conspicui,
733 1070 780 1104 qui
811 1074 875 1096 sunt
906 1079 961 1096 non
986 1071 1177 1104 appellatione
1202 1074 1296 1099 tenus,
1328 1071 1378 1097 sed
1402 1071 1505 1097 virtute
1532 1071 1690 1105 pontifices,
1717 1073 1791 1099 vitae

143 1119 361 1154 contemplative
386 1130 506 1155 capaces
531 1125 560 1148 et
582 1123 747 1155 gaudiorum
771 1123 937 1150 caelestium
962 1124 1127 1150 coheredes.

250 1177 325 1208 XX.
361 1178 549 1218 Isidori,
576 1179 624 1210 de
649 1179 857 1211 doctrina
882 1186 921 1211 et
946 1181 1164 1222 exemplis
1190 1182 1563 1223 praepositorum.
1610 1186 1700 1214 Taml
1725 1189 1790 1215 doc-

142 1235 216 1261 trina
240 1244 322 1269 quam
346 1236 404 1262 vita
428 1237 534 1264 clarere
560 1238 648 1264 debet
673 1239 882 1265 ecclesiasticus
906 1239 1013 1265 doctor.
1063 1239 1131 1265 Nam
1157 1239 1284 1265 doctrina
1307 1240 1366 1266 sine
1393 1240 1450 1265 vita
1475 1244 1652 1274 arrogantem
1684 1242 1789 1271 reddit,

141 1288 199 1314 vita
222 1289 282 1315 sinc
308 1289 434 1316 doctrina
457 1290 584 1317 inutilem
608 1291 686 1317 facit.
735 1291 896 1317 Sacerdotis
920 1292 1094 1326 praedicatio
1119 1293 1253 1326 operibus
1278 1292 1467 1319 confirmanda
1498 1297 1550 1321 est,
1581 1294 1621 1319 ita
1652 1298 1683 1319 ut
1715 1296 1789 1328 quod

141 1341 224 1368 docet
247 1342 333 1368 verbo
357 1343 477 1369 instruat
502 1344 639 1378 exemplo.
680 1345 755 1371 Vera
779 1349 823 1371 est
847 1345 919 1371 enim
945 1345 990 1371 illa
1015 1345 1151 1375 doctrina,
1178 1354 1261 1379 quam
1286 1346 1399 1371 vivendi
1423 1347 1551 1380 sequitur
1575 1347 1671 1373 forma.
1721 1348 1790 1374 Nau]

140 1395 208 1420 nihil
231 1396 340 1429 turpius
365 1400 408 1422 est
432 1406 524 1430 quain,
550 1397 571 1422 si
595 1398 709 1429 bonum,
734 1399 809 1432 quod
833 1398 953 1432 quisque
978 1399 1132 1432 praedicat,
1167 1401 1280 1432 explere
1305 1408 1390 1433 opere
1421 1402 1564 1434 neglegat.
1611 1400 1691 1426 Tunc
1718 1402 1789 1427 enini

139 1449 313 1482 praedicatio
337 1450 444 1476 utiliter
467 1450 619 1484 profertur,
645 1452 758 1485 quando
784 1451 938 1477 efficaciter
962 1452 1140 1485 adimpletur.
1178 1451 1380 1486 Unusquisque
1399 1453 1496 1478 doctor
1514 1457 1542 1479 ct
1559 1453 1650 1479 bonae
1672 1455 1789 1481 actionis

140 1506 170 1528 et
193 1503 283 1529 bonae
312 1503 528 1537 praedicationis
559 1503 665 1530 habere
698 1505 785 1530 debet
817 1505 958 1537 studium,
996 1514 1059 1530 nam
1092 1507 1210 1531 alterum
1242 1505 1301 1531 sine
1334 1507 1423 1531 altero
1448 1514 1502 1531 non
1527 1506 1593 1532 facit
1618 1507 1787 1540 perfectum.

139 1555 196 1582 Sed
220 1557 374 1590 praecedat
398 1557 486 1582 iustus
510 1557 583 1583 bene
609 1566 705 1591 agere,
730 1562 760 1583 ut
784 1562 939 1592 sequenter
958 1559 1045 1592 possit
1069 1559 1142 1584 hene
1168 1559 1280 1585 docere.
1318 1557 1417 1584 Sicut-²
1441 1559 1468 1584 in
1493 1560 1626 1585 nomisma
1645 1564 1788 1587 metallum

140 1612 168 1635 et
191 1609 281 1643 figura
313 1614 341 1635 ct
373 1610 481 1644 pondus
514 1611 672 1644 inquiritur,
707 1611 745 1637 ita
776 1612 803 1637 in
834 1612 908 1637 omni
938 1612 1053 1637 doctore
1080 1612 1282 1643 ecclesiastico,
1315 1612 1382 1646 quid
1407 1616 1552 1646 sequatur,
1583 1614 1651 1647 quid
1676 1614 1786 1643 doceat,

139 1663 276 1696 quomodo
301 1663 386 1688 vivat.
423 1663 478 1689 Per
502 1664 668 1697 qualitatem
693 1665 779 1698 igitur
802 1665 908 1690 metalli
934 1665 1070 1697 doctrina,
1097 1674 1147 1699 pcr
1164 1664 1280 1699 figuram
1298 1665 1446 1691 similitudo
1464 1670 1584 1699 patrum,
1610 1676 1661 1700 pcr
1677 1669 1786 1701 pondus

138 1715 278 1741 humilitas
303 1716 477 1750 designatur.
526 1715 579 1747 Qui
606 1726 671 1752 ergo
696 1718 731 1744 ab
756 1718 796 1743 liis
822 1718 910 1744 tribus
935 1718 1139 1752 discrepaverit
1162 1727 1217 1744 non
1241 1721 1394 1747 metallum,
1421 1719 1471 1745 sed
1496 1723 1573 1745 terra
1598 1720 1660 1746 erit.

246 1773 360 1804 XXIss.
398 1772 610 1815 Gregorii
635 1774 682 1805 de
708 1775 964 1806 humilitate
992 1776 1364 1817 praepositorum.
1402 1779 1463 1806 Sit4
1487 1785 1580 1807 rector
1601 1783 1738 1808 ‹list-retus
1759 1784 1785 1809 in

137 1832 259 1861 silentio,
284 1832 393 1857 humilis
417 1832 445 1857 in
468 1833 564 1864 verbo,
589 1842 624 1859 ne
650 1836 697 1859 aut
722 1834 844 1859 tacenda
868 1833 994 1868 proferat
1018 1837 1067 1859 aut
1090 1833 1262 1868 proferenda
1285 1834 1444 1860 reticescat.
1482 1835 1552 1861 Nam
1577 1836 1649 1861 sicut
1673 1836 1785 1862 incauta

136 1885 239 1911 locutio
264 1885 291 1910 in
317 1894 438 1911 errorem
462 1886 611 1919 pertrahit,
635 1886 676 1912 ita
699 1886 881 1913 indiscretum
906 1887 1047 1913 silentium
1072 1887 1130 1917 hos,
1156 1887 1204 1920 qui
1226 1887 1329 1913 erudiri
1346 1891 1487 1921 poterant,
1514 1889 1541 1913 in
1559 1897 1681 1914 errorem
1698 1890 1781 1916 dere-

136 1938 247 1972 linquit.
284 1936 349 1964 Sit-‘¹
372 1942 465 1965 rector
488 1939 561 1965 bene
586 1940 737 1974 agentibus
762 1949 813 1974 per
836 1940 1023 1966 humilitatem
1047 1941 1147 1971 socius,
1173 1944 1270 1966 eontra
1294 1941 1519 1974 delinquentium
1537 1942 1603 1967 vitia
1624 1951 1676 1975 per
1693 1945 1783 1968 zelum

136 1991 260 2017 iustitiae
286 1995 408 2023 erectus,
434 1996 465 2017 ut
491 1996 519 2018 et
542 1992 621 2018 bonis
646 1993 673 2018 in
697 1995 772 2019 nullo
797 2002 826 2019 se
852 1993 995 2027 praeferat
1027 1998 1065 2025 et,
1098 2003 1160 2020 cum
1191 2002 1338 2027 pravorum
1370 1996 1453 2028 eulpa
1483 1995 1579 2028 exigit,
1612 1999 1783 2028 potestatem

136 2045 262 2078 protinus
286 2045 327 2070 sui
351 2045 489 2079 prioratus
514 2050 658 2079 agnoscat,
691 2050 831 2080 quatenus
861 2051 888 2072 ct
914 2047 1018 2072 honore
1043 2047 1194 2080 subpresso
1218 2049 1364 2081 aequalem
1390 2056 1419 2071 so
1445 2048 1564 2073 subditis
1588 2048 1661 2074 benc
1687 2049 1783 2075 riven-

242 2185 357 2208 XVIIII.
389 2186 399 2208 1
423 2185 576 2216 despiciunt
596 2185 626 2209 L.
647 2185 684 2209 M.
763 2187 777 2209 3
798 2183 851 2216 hic]
873 2186 900 2210 hi
921 2186 958 2210 M.
1040 2188 1054 2209 6
1075 2184 1117 2217 ac]
1138 2187 1187 2210 hac
1208 2186 1240 2209 B⁴
1322 2187 1335 2210 7
1356 2184 1399 2217 At]
1421 2187 1458 2209 Ae
1479 2187 1511 2210 B.
1532 2187 1562 2210 L.
1583 2187 1615 2211 B.
1697 2189 1711 2211 8
1732 2192 1783 2212 ter-

136 2226 231 2259 minos]
252 2230 381 2253 terminus
401 2229 432 2253 L.
497 2229 581 2253 ditent
601 2229 637 2253 M.
703 2232 717 2253 9
738 2231 854 2254 animam
876 2229 911 2254 JI.
977 2228 1121 2261 adolantis]
1143 2230 1276 2254 adolantis
1296 2240 1358 2254 corr.
1379 2231 1515 2255 adulantis
1538 2231 1568 2259 Ii’,
1589 2231 1724 2256 adulantis
1745 2232 1783 2256 M.

138 2274 169 2297 10
188 2281 216 2296 se
236 2273 301 2297 deest
320 2273 351 2297 B.
427 2274 458 2298 12
477 2273 531 2297 tale
552 2273 582 2297 L.
648 2275 792 2299 credentur
811 2275 841 2298 B.
925 2276 955 2298 14
976 2275 1121 2299 emendant
1141 2274 1171 2298 B.
1238 2272 1306 2305 esse]
1326 2283 1403 2307 pesse
1427 2275 1455 2298 J).
1523 2276 1553 2299 15
1574 2276 1733 2300 studuerunt
1755 2276 1784 2302 Β.

137 2317 168 2341 16
189 2318 269 2341 eximi
290 2317 320 2340 B.
396 2318 426 2341 17
447 2318 555 2342 virtutis
578 2318 608 2342 R.

240 2370 298 2394 XX.
330 2371 360 2394 19
381 2368 487 2401 Isidori]
507 2371 547 2394 Ex
567 2372 688 2395 Hisidori
709 2371 740 2395 B.
806 2373 839 2396 20
860 2372 1063 2396 ecclesiasticos
1085 2372 1115 2395 Β.
1179 2370 1360 2403 arrogantem]
1383 2377 1553 2403 arrogantem
1574 2373 1607 2397 B.
1672 2375 1702 2397 21
1726 2375 1782 2397 inu-

135 2412 218 2445 tilem]
238 2414 412 2439 inutilitatem
433 2413 464 2438 Ia.
528 2415 689 2440 Sacerdotes
710 2416 742 2440 B.
810 2417 842 2440 22
864 2420 904 2440 est
925 2414 1004 2447 enim]
1026 2417 1096 2440 cniin
1117 2420 1157 2440 est
1177 2416 1208 2440 B.
1287 2418 1319 2441 :23
1340 2415 1422 2448 quod]
1445 2425 1511 2449 quos
1532 2418 1563 2441 B.
1643 2419 1675 2442 ‘24
1696 2419 1782 2442 bonae

135 2456 260 2490 actionis]
281 2460 349 2483 bene
369 2460 485 2483 actionis
505 2459 537 2483 B.
611 2461 642 2485 27
665 2461 729 2492 quid
743 2474 777 2476 —
792 2459 896 2491 doceat]
916 2461 981 2492 qnid
1002 2461 1099 2484 doceat
1120 2461 1183 2492 quid
1203 2465 1332 2492 sequatur
1353 2460 1391 2485 ill.

241 2512 313 2536 XXI.
343 2514 373 2536 31
396 2509 512 2543 humilis]
532 2512 603 2537 utilis
625 2511 660 2537 Μ.
717 2515 749 2538 32
769 2517 875 2545 poterat
896 2514 926 2537 B.
984 2522 1073 2538 errore
1096 2513 1130 2537 M.
1187 2515 1219 2538 33
1240 2512 1464 2545 delinquentium]
1485 2515 1730 2546 derelinquentium
1752 2515 1782 2539 L.

135 2556 168 2580 34
188 2554 331 2588 praeferat]
352 2557 470 2588 proferat
490 2556 521 2580 B.
595 2559 627 2582 35
649 2559 774 2589 quatinus
793 2558 832 2581 hic
851 2562 873 2581 et
893 2558 963 2589 infra
984 2558 1013 2582 L.
1087 2556 1244 2589 subpresso]
1265 2559 1444 2590 subpracssus
1467 2559 1497 2582 B.

244 2682 272 2716 1)
297 2682 432 2715 Isidorus,
459 2682 580 2709 Sentent.
607 2682 659 2709 III
678 2692 699 2709 (¹.
718 2684 757 2711 36
779 2679 803 2719 ἕ
819 2684 916 2716 1-3;
950 2683 1022 2720 Opp.
1049 2683 1094 2716 VI,
1121 2684 1189 2712 324.
1291 2683 1320 2717 2)
1348 2684 1420 2711 [bid.
1447 2684 1498 2711 III
1517 2694 1538 2711 e.
1557 2686 1595 2712 36
1621 2681 1644 2721 ,ξ
1660 2686 1695 2713 5:
1729 2685 1744 2710 l.
1764 2685 1780 2711 l.

141 2735 188 2769 VI,
213 2736 281 2764 324.
374 2735 404 2768 3)
432 2734 462 2763 C.
479 2736 517 2764 21
535 2746 576 2758 =
600 2735 668 2763 Taio
685 2735 720 2762 ΙῙ
739 2745 761 2762 ι’.
779 2737 834 2769 34]·
866 2736 959 2769 Risco,
985 2737 1002 2763 l.
1021 2737 1037 2764 l.
1062 2736 1176 2770 XXXI,
1195 2738 1249 2765 311
1263 2748 1304 2773 sq.
1331 2734 1451 2773 (illi-qne,
1477 2738 1493 2763 l.
1512 2738 1529 2763 l.
1554 2735 1780 2772 LA‘XA1827),

136 2788 166 2821 4)
192 2788 242 2815 Es:
267 2787 406 2825 Grcqorio
433 2787 484 2821 M,
517 2788 626 2825 Requla
645 2792 757 2825 pastor.
783 2789 818 2815 II
837 2799 858 2816 c.
876 2790 912 2822 4,·
949 2790 1020 2826 Opp.
1041 2790 1078 2823 II,
1096 2791 1142 2818 16.
1237 2790 1267 2823 5)
1294 2789 1336 2816 lb.
1362 2790 1398 2816 II
1417 2800 1438 2816 ‹·.
1458 2793 1492 2822 6,·
1528 2791 1545 2816 l.
1565 2791 1582 2816 l.
1607 2790 1646 2823 II,
1672 2794 1720 2818 20.
