2242 3085
421 123 486 153 350
842 126 890 153 36.
929 125 1145 154 CONCILIUM
1170 126 1496 158 AQUISGRANENSE
1520 126 1555 154 A.
1577 126 1650 154 816.

421 224 575 249 omnimodo
600 233 653 249 non
679 224 753 249 valet
779 228 864 257 atquc
889 232 906 250 a
929 224 1008 250 bouis
1032 224 1140 251 actibus
1164 224 1290 251 funditus
1316 233 1409 251 exsors
1433 228 1524 257 vacat,
1555 228 1694 259 quatenus
1717 225 1786 251 haec
1811 233 1865 251 non
1889 228 1919 251 ut
1943 225 2058 251 claudus

266 283 400 307 Lev.21,20.
418 277 509 303 saltim
534 286 595 302 cum
621 276 781 303 infirmitate
807 280 916 309 teneat,
949 277 999 303 sed
1030 277 1065 303 ab
1096 278 1138 303 his
1168 278 1241 304 omni
1272 278 1353 303 modo
1378 277 1486 304 alienus
1512 277 1622 304 existat.
1673 276 1775 305 Gibhus
1798 286 1864 304 vero
1889 282 1942 310 est,
1975 287 2057 312 quem

419 334 549 355 terrenae
575 329 768 356 sollicitudinis
792 330 901 363 pondus
926 330 1068 364 deprimit,
1092 340 1128 357 ne
1153 340 1282 365 umquam
1307 331 1342 357 ad
1367 339 1491 364 superna
1514 330 1656 364 respiciat,
1689 331 1740 357 sed
1764 330 1829 356 solis
1852 330 1904 363 his,
1934 339 2006 365 quae
2031 331 2057 357 in

419 381 517 408 intimis
542 382 695 414 calcantur,
721 383 860 408 intendat.
901 382 955 413 Qui
981 383 1033 409 etsi
1058 383 1207 417 aliquando
1232 384 1336 417 aliquid
1363 392 1396 410 ex
1420 384 1493 409 bono
1517 383 1626 417 patriae
1645 383 1776 410 caelestis
1792 383 1922 416 audierit,
1948 384 1983 410 ad
2007 383 2058 410 hoc

419 435 544 460 nimirum
569 444 718 469 perversae
744 436 971 462 consuaetudinis
995 437 1120 470 pondere
1145 440 1347 471 praegravatus
1372 437 1463 462 cordis
1487 436 1587 462 faeiem
1617 444 1672 462 non
1701 436 1822 467 adtollit,
1856 436 1920 470 quia
1951 436 2057 471 cogita·
2078 445 2089 464 5

369 495 398 515 ib.
418 488 500 513 tionis
525 492 628 514 statum
654 489 762 523 erigere
788 497 842 514 nou
866 489 942 515 valet
968 498 1050 523 quein
1075 493 1206 516 terrenae
1231 499 1297 515 usus
1314 489 1509 515 sollicitudinis
1527 498 1640 515 curvum
1656 492 1746 515 tenet.
1785 486 1914 525 Lippa-5¹
1937 498 2057 523 namque

421 545 474 573 est,
508 541 584 567 cuius
616 541 728 575 quidem
759 542 898 576 ingenium
931 542 964 568 ad
997 543 1166 576 agnitionem
1191 543 1317 569 veritatis
1343 543 1453 573 emicat,
1485 542 1535 568 sed
1563 545 1657 568 tamen
1680 542 1732 568 hoe
1756 541 1877 568 carnalia
1900 551 1985 576 opera
2008 542 2057 568 ob—

418 598 541 620 scurant.
582 594 611 619 In
638 594 721 629 lippis
746 594 850 629 quippe
875 595 962 621 oculis
986 595 1110 629 pupillae
1136 604 1219 622 sanae
1245 599 1319 627 suut,
1352 596 1402 621 sed
1425 595 1538 621 humore
1564 594 1708 622 defluente
1732 594 1900 621 infirmantia
1922 595 2059 629 palpebra

417 651 607 681 grossescunt.
656 648 779 678 Quorum
805 648 870 682 quia
893 647 1030 674 infusione
1063 649 1160 674 crebro
1185 649 1327 680 atteritur,
1360 649 1444 675 ctiam
1475 648 1548 674 acies
1572 647 1698 682 pupillae
1722 648 1847 674 vitiatur.
1895 647 1966 674 Sunt
1989 657 2058 674 non-

418 700 496 727 nulli.
529 709 644 734 quorum
675 710 786 726 sensum
817 700 934 727 earnalis
965 701 1040 727 vitae
1065 701 1191 735 operatio
1216 702 1333 733 sauciat,
1365 702 1411 736 qui
1442 701 1539 727 videre
1572 704 1650 727 recta
1678 701 1820 727 subtiliter
1842 710 1895 735 per
1918 701 2057 736 ingenium
2078 710 2102 728 10

420 757 561 788 poteraut,
587 754 637 779 sed
662 763 713 779 usu
737 762 884 788 pravorum
909 757 1020 779 actuum
1045 754 1177 788 caligant.
1224 755 1331 788 Lippus
1356 755 1452 789 itaque
1478 757 1530 786 est,
1563 754 1640 780 cuius
1671 763 1782 781 sensum
1813 758 1913 780 natura
1937 755 2057 789 exacuit,

261 812 398 836 Apoc.3,18.
419 807 468 833 sed
494 807 712 832 conversationis
736 807 860 841 pravitas
892 806 1049 832 confundit.
1099 806 1149 832 Cui
1182 807 1256 833 benc
1287 816 1339 841 per
1369 807 1499 841 angelum
1524 807 1640 833 dieitur:
1675 806 1788 834 Collirio
1818 806 1938 843 itumque
1968 807 2059 834 oeulos

419 863 486 892 taos,
512 863 540 886 ut
564 859 666 886 videas.
715 859 827 886 Collirio
859 861 963 894 quippe
995 859 1100 891 oculos,
1132 863 1162 885 ut
1192 860 1346 892 videamus,
1378 860 1565 894 inunguimus,
1598 869 1659 886 cum
1689 860 1725 886 ad
1754 860 1976 894 cognoscendam
1999 860 2057 886 veri

265 918 399 942 Lev.‘-›1‚20.
418 912 527 938 luminis
552 913 708 939 claritatem
732 913 896 939 intellectus
920 913 1007 938 nostri
1039 913 1127 939 aciem
1158 913 1340 939 medicamine
1370 913 1460 939 bonae
1485 913 1654 947 operationis
1679 913 1850 939 adiuvamus.
1897 912 2058 949 Albuyinem

420 965 500 992 hahet
522 966 651 991 sacerdos
676 965 702 992 [η
728 966 813 993 oculo.
847 966 893 999 qui
924 966 1052 991 veritatis
1084 965 1175 991 lucem
1199 966 1296 992 videre
1320 975 1375 992 non
1399 966 1507 999 sinitur,
1541 966 1606 1000 quia
1636 967 1795 1001 arrogantia
1819 966 1974 1001 sapientiae
1999 966 2056 992 sive
2079 974 2101 993 15

420 1019 543 1045 iustitiae
569 1023 710 1045 caecatur.
758 1018 870 1053 Pupilla
893 1027 1013 1052 namque
1039 1018 1111 1044 oculi
1134 1018 1213 1053 nigra
1236 1019 1330 1051 videt3
1357 1019 1516 1053 albuginem
1541 1019 1663 1046 tolerans
1686 1019 1754 1045 nihil
1777 1019 1865 1052 videt,
1890 1019 1955 1054 quia
1978 1019 2057 1045 vide-

419 1072 487 1097 licet
511 1081 609 1097 sensus
633 1071 751 1097 humane
784 1071 971 1105 cogitationis,
1003 1071 1023 1097 si
1055 1071 1172 1097 stultum
1203 1080 1232 1098 se
1263 1075 1499 1106 peccatoremque
1531 1072 1682 1106 intellegit,
1715 1072 1911 1106 cogitationem
1943 1072 2056 1098 intimae

420 1125 555 1150 claritatis
580 1124 784 1158 adprehendit,
811 1125 833 1150 si
857 1128 952 1150 autem
976 1125 1125 1150 candorem
1149 1125 1201 1150 sibi
1225 1125 1348 1151 iustitiae
1373 1125 1431 1151 sive
1455 1125 1611 1159 sapientiae
1628 1125 1736 1157 tribuit,
1761 1133 1778 1151 a
1793 1125 1854 1151 luce
1872 1134 1901 1152 se
1918 1134 2055 1160 supernae

421 1178 586 1211 cognitionis
611 1177 734 1204 excludit
760 1181 789 1203 et
814 1186 846 1203 eo
871 1177 1028 1203 claritatem
1052 1178 1111 1203 veri
1134 1177 1244 1203 luminis
1267 1187 1446 1212 nequaquam
1469 1181 1612 1212 penetrat,
1639 1186 1692 1212 quo
1716 1186 1747 1204 se
1771 1178 1845 1212 apud
1866 1187 1896 1204 se
1912 1187 1964 1212 per
1979 1187 2054 1205 arro-

264 1237 397 1260 nom.1‚2-2.
419 1231 541 1265 gantiam
566 1230 681 1262 exaltat,
715 1231 786 1256 sicut
817 1231 851 1256 de
884 1231 1050 1265 quibusdam
1074 1230 1191 1256 dicitur:
1224 1230 1356 1257 Dicentes
1387 1230 1457 1257 euim
1487 1240 1516 1257 se
1540 1240 1596 1257 esse
1625 1230 1764 1266 sapientes
1792 1230 1867 1257 stulti
1883 1230 1962 1265 facti
1983 1235 2054 1258 sunt.
2075 1240 2100 1259 20

260 1290 397 1313 Leman-20.
419 1283 512 1319 Iugyem
535 1283 623 1309 habet
647 1282 764 1310 scabiem
794 1283 821 1309 in
853 1292 967 1317 corpore
1001 1284 1044 1309 cui
1069 1283 1158 1309 carnis
1188 1284 1347 1318 petulantia
1377 1284 1436 1310 sine
1461 1284 1617 1310 cessatione
1642 1284 1798 1310 dominatur
1821 1284 1849 1309 in
1872 1287 1976 1310 mente.
2023 1284 2055 1310 In

419 1337 512 1363 scabie
546 1337 649 1363 etenim
680 1336 773 1363 fervor
803 1337 940 1363 viscerum
969 1337 1005 1362 ad
1035 1340 1127 1362 cutem
1152 1337 1281 1365 trahitur,
1312 1346 1364 1371 per
1395 1346 1476 1371 quam
1499 1340 1577 1363 reete
1601 1337 1707 1363 luxoria
1730 1337 1902 1371 designatur,
1934 1337 2007 1371 quia,
2032 1337 2054 1363 si

419 1390 507 1416 cordis
532 1390 680 1424 temptatio
699 1398 787 1423 usque
805 1390 840 1416 ad
858 1390 1049 1424 operationem
1066 1389 1184 1424 prosilit,
1210 1390 1337 1416 nimirum
1359 1390 1452 1416 fervor
1475 1391 1587 1416 intimus
1608 1399 1697 1424 usque
1714 1390 1749 1416 ad
1765 1390 1836 1416 cutis
1853 1390 1974 1416 scabiem
1989 1399 2053 1424 pro-

418 1443 530 1477 rumpit.
578 1443 664 1469 Foras
690 1451 789 1477 corpus
813 1443 921 1469 scabies
946 1443 1062 1475 sauciat,
1095 1443 1170 1477 quia,
1202 1444 1266 1469 dum
1291 1444 1317 1469 in
1349 1443 1518 1478 cogitatione
1542 1443 1670 1469 voluntas
1694 1451 1749 1469 non
1771 1443 1940 1477 reprimitur,
1971 1443 2054 1469 etiam

420 1497 447 1522 in
480 1497 589 1522 actione
623 1497 795 1529 dominatur,
833 1497 911 1530 quasi
944 1497 1016 1522 enim
1047 1497 1118 1522 eutis
1148 1497 1319 1531 pruriginem
1342 1496 1445 1522 Paulus
1476 1496 1592 1522 curabat
1621 1496 1796 1530 abstergere,
1832 1505 1892 1522 cum
1923 1496 2052 1522 dicebat:
2073 1504 2098 1522 25

244 1555 399 1578 1.c0r.10,13.
426 1549 577 1585 Temptatio
603 1559 648 1576 vos
672 1559 725 1576 non
751 1549 948 1585 adprehendat
970 1549 1025 1575 nisi
1047 1549 1179 1583 humana,
1205 1549 1260 1575 acsi
1281 1553 1379 1584 aperte
1397 1549 1520 1576 diceret:
1548 1548 1715 1575 ‘Humanum
1739 1549 1850 1583 quidem
1867 1549 1954 1575 estin
1970 1549 2053 1575 corde

419 1603 633 1636 temptationem
665 1603 786 1637 perpeti,
820 1603 1011 1628 demoniacum
1042 1611 1107 1628 vero
1140 1606 1183 1629 est
1214 1603 1405 1637 temptationis
1437 1603 1589 1629 certamine
1615 1602 1696 1628 etin
1719 1602 1882 1636 operatione
1907 1601 2052 1636 superari’.

265 1662 400 1683 imenso,
419 1654 599 1691 Inpetigyinem
631 1655 717 1681 habet
749 1655 775 1681 in
808 1665 925 1691 corpore
949 1656 1072 1690 quisquis
1096 1656 1212 1682 avaritia
1235 1659 1360 1682 vastatur
1383 1656 1411 1681 in
1434 1659 1538 1688 mente,
1576 1664 1657 1689 quae,
1690 1655 1712 1681 si
1742 1655 1769 1681 in
1793 1655 1884 1689 parvis
1908 1664 1962 1681 non
1987 1664 2052 1681 con-

419 1709 552 1742 pescitur,
578 1709 703 1734 nimirum
728 1709 786 1734 sine
812 1718 941 1735 mensura
965 1709 1107 1735 dilatatur.
1142 1709 1272 1743 Inpetigo
1298 1709 1401 1743 quippe
1426 1709 1485 1734 sine
1511 1709 1604 1735 dolore
1631 1717 1729 1742 corpus
1753 1711 1871 1742 occupat
1895 1712 1923 1735 et
1947 1709 2052 1742 absque

420 1762 546 1796 occupati
572 1762 666 1788 taedio
692 1771 856 1788 excrescens
880 1762 1063 1788 membrorum
1088 1762 1216 1788 decorem
1240 1762 1329 1794 fedat,
1355 1762 1421 1796 quia
1444 1762 1560 1788 avaritia
1581 1762 1721 1796 captivum
1738 1761 1867 1794 animum,
1892 1761 1956 1787 dum
1975 1762 2051 1795 quasi
2071 1768 2097 1787 ³0

420 1815 555 1846 delectat,
582 1815 735 1841 exulcerat.
761 1816 825 1840 dum
849 1815 1032 1849 adipiscenda
1056 1824 1184 1849 quaeque
1210 1815 1371 1849 cogitationi
1395 1815 1490 1847 obicit,
1515 1815 1549 1840 ad
1566 1815 1722 1841 inimicitias
1738 1814 1867 1840 accendit
1884 1818 1913 1840 et
1931 1814 2051 1841 dolorem

419 1869 447 1894 in
471 1868 586 1894 vulnere
612 1877 666 1893 uon
691 1868 768 1900 facit,
803 1868 867 1902 quia
898 1869 1038 1894 aestuanti
1063 1869 1152 1894 animo
1177 1877 1210 1894 ex
1234 1868 1316 1902 culpa
1340 1868 1537 1894 abundantiam
1561 1868 1707 1902 promittit.
1755 1868 1848 1894 Decor
1871 1867 2051 1893 membrorum

419 1930 470 1955 per
494 1921 686 1955 impetiginem
711 1922 848 1955 perditur,
882 1921 947 1955 quia
977 1921 1091 1946 aliarum
1123 1930 1234 1955 quoque
1266 1922 1399 1947 virtutum
1422 1930 1473 1955 per
1497 1921 1640 1946 avaritiam
1663 1920 1841 1955 pulchritudo
1866 1920 2050 1954 depravatur3

421 1978 448 2000 et
474 1974 551 2007 quasi
577 1978 667 2000 totum
692 1983 790 2008 corpus
816 1978 972 2008 exasperat,
1003 1974 1069 2008 quia
1098 1983 1148 2008 per
1178 1975 1307 2000 universa
1330 1974 1398 2000 vitia
1421 1974 1540 2000 animum
1563 1973 1735 2008 subplantat,
1767 1973 1853 2000 Paulo
1878 1974 2049 2005 adtestante,

251 2027 465 2077 ¹'1T³¹.”'0‘1³'¹)3q¹¹i
491 2027 545 2053 ait:
582 2027 678 2053 Hadia*
708 2027 825 2053 muniam
859 2027 993 2053 malornm
1025 2030 1063 2053 est
1093 2026 1238 2062 cupiditas.
1287 2026 1464 2053 Ponam-osus
1495 2030 1537 2053 est
1562 2027 1609 2060 qui
1632 2027 1835 2060 turpitudinem
1858 2035 1911 2052 non
1937 2030 2049 2053 exercet
2069 2033 2094 2051 35

274 2065 336 2078 m.-
354 2071 378 2082 ’Β
395 2075 399 2078 ’
419 2090 515 2114 opere,
541 2081 590 2105 scd
615 2084 709 2106 tamen
734 2081 768 2106 ab
793 2081 843 2106 hac
869 2080 1038 2115 cogitatione
1063 2080 1194 2105 contiuua
1217 2080 1275 2106 sine
1301 2080 1487 2106 moderamine
1511 2083 1643 2114 gravatur
1666 2080 1693 2105 in
1717 2084 1821 2106 mente.
1866 2078 1919 2109 Qui
1943 2088 2049 2113 nequa-

420 2143 501 2167 quam
532 2142 619 2167 usque
653 2134 687 2159 ad
719 2142 788 2167 opus
819 2134 931 2167 quidem
962 2133 1098 2159 nefarium
1129 2133 1243 2167 rapitur,
1275 2133 1325 2159 sed
1358 2133 1415 2158 eius
1447 2133 1552 2158 animus
1582 2132 1727 2166 voluptate
1759 2132 1880 2158 luxoriae
1912 2133 1970 2159 sine
1995 2132 2050 2158 ullo

525 2246 640 2269 XXVII.
672 2248 681 2269 1
706 2254 783 2269 exors
804 2246 833 2269 L.
854 2245 889 2269 JI.
981 2246 995 2269 2
1016 2245 1109 2269 saltem
1130 2245 1165 2268 ΕΙ.
1257 2245 1359 2276 Gippus
1380 2244 1415 2268 M.
1501 2246 1515 2268 3
1536 2245 1562 2268 in
1582 2241 1687 2274 infimis]
1710 2244 1820 2268 infirmis
1840 2244 1871 2268 B.
1962 2245 1977 2268 4
1997 2244 2051 2268 cal-

421 2293 495 2313 catur
515 2289 545 2313 B.
637 2288 698 2321 hoc]
718 2291 783 2313 hacc
806 2290 840 2313 JI.
932 2290 946 2313 6
967 2287 1087 2320 curvum]
1109 2297 1219 2313 corvum
1239 2289 1270 2313 B.
1369 2286 1479 2321 Lippus]
1499 2289 1584 2320 Lypp-
1606 2289 1637 2312 B.
1736 2289 1750 2312 S
1778 2288 1940 2313 infirmantes
1960 2288 2050 2320 palpe-

420 2334 483 2357 brae
505 2333 540 2356 Π.
639 2335 652 2358 9
674 2332 750 2365 Sunt]
772 2335 805 2357 Et
826 2338 887 2357 sunt
908 2334 943 2357 M.
1037 2335 1067 2357 14
1087 2334 1245 2357 adiuvamur
1264 2334 1295 2357 R.
1316 2333 1346 2357 L.
1448 2334 1478 2357 15
1498 2331 1569 2364 quia]
1590 2334 1634 2363 qui
1656 2333 1687 2356 B.
1781 2333 1950 2364 arrogantiae
1970 2332 2000 2356 L.
2020 2332 2052 2357 B.
2071 2339 2097 2357 40

421 2375 486 2407 sive]
507 2386 552 2401 sen
574 2377 608 2401 JI.
700 2380 729 2402 17
750 2382 920 2409 peccatorem
946 2387 957 2402 e
976 2386 1037 2401 corr.
1058 2377 1089 2402 B.
1182 2375 1384 2409 cogitationem]
1414 2378 1595 2408 cognitionem
1615 2377 1651 2400 JI.
1734 2378 1764 2401 19
1786 2374 1958 2408 cognitionis]
1978 2378 2051 2409 eogi-

422 2423 530 2445 tationis
551 2422 581 2446 L.
672 2420 733 2453 quo]
754 2422 825 2453 quod
846 2422 878 2446 B.
969 2423 999 2446 ‘21
1022 2419 1126 2454 Iugem]
1146 2430 1209 2446 vero
1229 2422 1288 2445 add.
1308 2422 1340 2445 B.
1361 2421 1396 2445 Jl.
1486 2419 1576 2451 habet}
1603 2423 1627 2445 et
1649 2421 1708 2445 add.
1728 2421 1760 2445 B.
1852 2422 1883 2445 22
1908 2422 2002 2445 traitur
2021 2421 2052 2445 B.

421 2465 527 2490 luxuria
546 2466 582 2489 ᾸῙ.
674 2464 747 2497 quia]
775 2474 828 2497 qua
848 2466 879 2489 B.
971 2467 1002 2490 23
1030 2467 1129 2490 servior
1150 2466 1180 2489 B.
1271 2467 1303 2490 24
1330 2462 1424 2496 Foras]
1451 2466 1485 2489 Et
1510 2466 1581 2489 foras
1608 2466 1660 2489 iani
1684 2465 1720 2489 ill.
1810 2466 1915 2489 scabies
1934 2465 1998 2489 deest
2018 2465 2052 2489 ill.

421 2509 547 2541 voluptas
567 2510 602 2533 ΠΙ.
671 2512 702 2534 23
723 2511 906 2541 prorurginem
927 2510 958 2533 Β.
1033 2511 1064 2534 28
1086 2507 1276 2541 Inpetiginem]
1297 2517 1402 2541 quoque
1422 2509 1480 2533 add.
1501 2509 1533 2533 B.
1606 2510 1638 2533 29
1659 2509 1758 2533 dilatur
1778 2509 1807 2533 L.
1872 2510 2002 2541 Inpedigo
2022 2509 2053 2533 L.

422 2555 455 2577 30
475 2552 547 2585 quia]
570 2555 614 2585 qui
636 2555 667 2578 ad
690 2555 719 2578 Π.
740 2554 770 2578 L.
791 2555 822 2578 Ja'.
879 2555 1018 2578 avaritiam
1040 2554 1070 2578 Ii’.
1090 2554 1120 2578 L.
1141 2554 1173 2578 B.
1236 2555 1266 2578 31
1288 2554 1489 2585 adipiscendam
1509 2553 1539 2577 B.
1561 2553 1590 2577 L.
1611 2553 1642 2577 B.
1699 2551 1732 2583 et]
1756 2556 1781 2577 et
1800 2556 1825 2577 et
1845 2553 1876 2577 B.
1939 2554 1970 2577 32
1991 2554 2053 2584 quia
2072 2562 2098 2581 45

422 2596 566 2627 aestuanti]
589 2599 633 2629 qni
654 2600 769 2622 astuanti
791 2598 823 2622 Β.
913 2598 992 2630 culpa
1011 2598 1075 2622 deest
1095 2598 1127 2624 B,
1217 2598 1427 2622 habundantiam
1448 2598 1478 2626 L,
1509 2598 1675 2621 abundantia
1694 2597 1726 2621 Β.
1818 2598 1849 2621 35
1869 2595 2050 2628 Ponderosus]

423 2643 570 2666 Ilei-niosus
595 2643 660 2673 l'nlys.
735 2644 767 2665 30·
788 2640 846 2671 hac]
870 2651 899 2665 ac
921 2642 951 2666 l..
1025 2643 1182 2666 continuata
1203 2642 1232 2665 R.
1306 2646 1432 2673 gravatus
1453 2642 1485 2665 R.
1563 2642 1594 2666 37
1616 2643 1732 2665 animum
1753 2641 1783 2665 R.
1803 2641 1834 2665 L.
1854 2641 1885 2665 B.
1959 2641 2052 2666 volun-

423 2691 477 2711 tate
499 2687 529 2710 ll.
551 2687 580 2710 l..
601 2687 632 2711 B.
707 2686 825 2710 luxuriae
846 2686 881 2710 M.

532 2786 558 2811 1)
587 2786 635 2813 Ex
661 2785 798 2822 (irtyorin
825 2785 876 2818 AL,
901 2785 1010 2822 ltcyzcla
1031 2789 1139 2820 pastor.
1166 2784 1182 2811 I
1205 2794 1225 2811 c.
1245 2786 1297 2817 11;
1324 2784 1395 2820 opp.
1421 2784 1460 2817 II,
1486 2785 1523 2812 12
1535 2794 1594 2820 sqq.
