2242 3085
414 132 476 161 348
828 133 876 159 39.
915 132 1129 160 CONCILIUM
1154 131 1478 163 AQUISGRANENSE
1503 131 1538 158 A.
1561 130 1633 158 816.

238 240 392 264 aeui-,inm
414 236 512 260 verunt
542 236 567 259 et
595 241 649 258 uon
682 234 796 267 efferunt
820 229 1033 267 paenitentiam,
1066 233 1093 256 et
1119 230 1235 256 iterum:
1270 227 1339 259 Quis
1370 227 1531 266 infirmatur
1562 231 1587 254 et
1617 237 1665 264 eqo
1695 237 1750 255 non
1782 227 1933 265 infirmor?
1979 225 2049 257 Quis

414 285 627 313 scandalimtm·
651 288 674 311 ee
698 294 746 321 οφ)
770 294 823 311 71011
850 283 939 310 uror?
983 282 1163 317 Quapropter
1186 283 1287 310 sciens,
1313 282 1397 316 quod,
1429 281 1450 306 si
1476 280 1648 315 quibuslibet
1673 281 1805 307 divitibus
1829 289 1860 306 ac
1884 280 2048 315 potentibus

415 339 486 365 male
511 338 669 364 viventibus
693 342 790 372 pareat
814 340 862 363 aut
886 336 980 362 foveat
1006 345 1063 368 eos,
1088 336 1188 370 perdat
1214 335 1293 361 simul
1319 340 1345 361 et
1371 338 1480 369 pereat,
1514 337 1542 360 et
1573 337 1670 360 sancte
1702 334 1789 360 debet
1813 333 1907 360 vivere
1931 336 2049 367 propter

416 391 572 425 exemplum
598 394 626 417 et
651 391 696 424 pie
722 390 823 416 docere
848 393 963 424 propter
986 398 1053 415 suae
1078 388 1324 415 administrationis
1348 387 1480 419 osticium,
1507 391 1611 418 certus,
1637 387 1710 421 quod
1736 387 1761 413 ei
1785 386 1853 412 nihil
1877 395 1927 412 sua
1942 385 2049 412 iustitia

415 445 592 479 suffragetur,
625 444 659 469 de
692 443 770 469 cuius
801 451 882 468 manu
914 442 1003 468 anima
1033 442 1178 476 pereuntis
1210 441 1339 475 exigitur,
1372 440 1493 474 quando,
1520 440 1686 474 quicumque
1711 439 1780 465 alius
1810 439 1937 473 perierit,
1966 447 2048 473 quem
2068 445 2081 464 5

415 497 491 523 nulla
516 497 633 523 docendi
658 496 811 522 necessitas
836 499 940 527 manet,
965 495 1038 521 solus
1062 504 1166 529 paenas
1191 495 1232 520 sui
1257 493 1371 519 sceleris
1396 493 1483 525 dabit,
1509 492 1555 518 ille
1580 496 1684 524 autem,
1711 493 1754 518 cui
1778 492 1950 526 dispensatio
1972 491 2048 518 verbi

415 551 558 577 commissa
583 553 634 582 est,
662 549 770 576 etiamsi
795 552 891 575 sancto
916 549 990 574 vivat
1018 552 1045 574 et
1071 552 1165 574 tamen
1189 547 1300 582 perdito
1326 547 1453 573 viventes
1478 554 1596 581 arguere
1621 550 1668 572 aut
1693 546 1842 572 erubeseat
1866 548 1914 571 aut
1931 548 2048 576 metuat,

415 613 475 629 cum
501 603 636 635 omnibus,
662 602 708 636 qui
734 611 766 628 eo
790 605 904 628 tat-ente
928 602 1075 636 perierint,
1100 601 1182 635 perit.
1219 601 1255 626 Et
1281 601 1347 634 quid
1373 600 1397 625 ei
1421 599 1547 634 proderit
1566 608 1620 624 non
1637 599 1727 633 puniri
1745 607 1803 631 suo,
1829 598 1875 632 qui
1891 598 2049 633 puniendus

416 660 459 683 est
483 656 573 682 alieno
597 656 737 690 peecato‘?
773 655 904 687 Mentior,
929 655 980 680 nisi
1004 655 1055 680 hoo
1080 654 1213 680 Dominus
1237 662 1289 687 per
1305 653 1481 679 Ezechielem
1505 652 1671 686 prophetam
1695 652 1746 677 sub
1771 652 1912 678 cuiusdam
1937 652 2049 678 terroris

246 716 394 739 Ezech.33,7.
416 709 628 735 denuntiatione
653 709 787 742 loquitur,
813 708 909 734 dicens
933 708 967 734 ad
993 716 1070 733 eum:
1106 706 1144 733 Ee
1169 710 1204 739 tu,
1223 705 1272 743 fili
1295 705 1420 738 hominis,
1451 705 1649 741 speculatorem
1675 704 1738 731 decli
1768 708 1792 731 te
1816 704 1908 731 domui
1931 704 2048 731 Israhel.
2070 712 2096 730 10

415 763 475 789 Nec
500 763 550 788 hoe
575 765 755 788 transeunter
780 762 913 787 debemus
938 760 1044 791 audire,
1071 760 1143 794 quod
1168 760 1342 785 sacerdotem
1367 759 1571 793 speculatorem
1596 758 1730 792 appellat,
1759 761 1800 789 ut,
1825 758 1897 783 sieut
1921 758 2048 792 specula-

417 816 483 841 toris
509 819 551 841 est
576 816 609 841 de
635 818 694 841 loeo
720 815 837 841 editiore
862 814 1022 848 prospicere
1049 817 1077 839 et
1101 813 1163 846 plus
1188 812 1313 838 omnibus
1338 812 1530 846 contemplari,
1563 811 1603 837 ita
1633 811 1762 837 sacerdos
1787 811 1875 837 debet
1900 819 1961 837 esse
1985 820 2049 845 pro-

416 869 498 903 positi
523 869 694 895 sublimitate.
719 868 818 894 celsior
842 867 948 893 cunctis
973 876 1004 892 ae
1028 866 1137 891 maioris
1161 865 1296 891 scientiae
1320 865 1424 891 habere
1449 865 1577 899 gratiam,
1604 873 1658 899 qua
1681 864 1768 898 possit
1792 864 1843 890 sub
1868 873 1897 890 se
1922 864 2050 891 viventes

369 928 397 948 ib.
416 923 564 948 instrucre.
604 921 756 947 Videamus
781 921 843 952 iam,
870 920 935 953 quid
961 919 1068 944 divinus
1093 927 1182 944 sermo
1206 918 1358 944 contineat.
1406 917 1518 950 Audies,
1548 918 1654 952 inquid,
1687 926 1838 943 sermonem
1864 926 1898 943 ex
1922 926 1970 944 ore
1992 926 2050 944 meo

418 979 442 1001 et
465 973 643 1001 mlumztiahis
667 973 704 1000 eis
729 982 763 999 ez·
787 982 836 1005 me,
862 976 891 998 ut
916 973 966 997 hoe
992 972 1066 997 dieat
1091 972 1229 1003 sacerdos,
1257 971 1330 1005 quod
1355 979 1388 997 ex
1413 971 1506 996 divina
1521 970 1641 996 lectione
1660 971 1800 1002 didicerit,
1826 971 1899 1004 quod
1916 970 1954 996 illi
1971 970 2050 997 Deus
2071 977 2096 995 15

368 1034 396 1053 ib.
417 1028 603 1062 inspiraverit,
628 1036 681 1052 non
707 1027 779 1060 quod
804 1025 1031 1060 praesumptione
1056 1025 1165 1050 humani
1198 1033 1297 1050 sensns
1321 1024 1469 1049 invenerit.
1516 1022 1701 1049 Adnuntiabz's
1726 1023 1771 1057 eis,
1802 1023 1909 1057 inquid,
1935 1032 1969 1050 ea·
2000 1033 2048 1050 me.

417 1082 457 1107 Ex
482 1090 524 1106 me
551 1084 579 1106 et
603 1089 657 1105 non
684 1088 715 1105 ex
740 1083 769 1105 te
794 1088 856 1105 mea
881 1078 966 1104 verba
988 1078 1111 1112 loqueris
1137 1077 1192 1109 eis,
1224 1086 1278 1103 non
1304 1080 1356 1109 est,
1389 1077 1463 1110 quod
1495 1085 1527 1102 ex
1553 1076 1592 1102 eis
1622 1079 1763 1110 tamquam
1791 1077 1825 1102 de
1850 1077 1905 1102 tuis
1929 1076 2048 1109 infleris3

299 1140 395 1164 ib.33‚8.
419 1143 451 1160 ex
475 1142 528 1163 me,
555 1133 661 1167 inquid,
687 1133 726 1158 eis
751 1132 894 1158 adnuntia.
943 1130 998 1157 Sed
1024 1131 1076 1156 iam
1106 1131 1171 1164 quid
1203 1130 1361 1161 adnuntiet,
1393 1130 1546 1155 audiamus.
1595 1128 1627 1156 Si
1656 1138 1697 1155 me
1727 1129 1831 1156 dicente
1860 1130 1901 1156 acl
1922 1129 2050 1165 Impiwn:

418 1186 513 1222 Impie,
539 1189 625 1213 morte
648 1184 783 1217 morieris,
810 1194 862 1211 nou
883 1183 979 1218 fueris
1003 1185 1114 1212 locutus,
1141 1187 1169 1209 ut
1190 1192 1219 1210 se
1243 1182 1378 1209 custodiat
1400 1182 1499 1218 impius
1523 1191 1540 1208 α
1564 1181 1609 1209 via
1632 1191 1693 1212 succ,
1719 1181 1776 1218 ipse
1793 1181 1891 1218 impius
1907 1182 1935 1208 in
1952 1182 2050 1219 iniqui-

419 1243 473 1265 talc
502 1249 554 1265 sua
584 1238 724 1271 morietur,
756 1237 919 1274 sanquinem
950 1246 1014 1264 vero
1039 1236 1094 1263 eius
1118 1237 1151 1263 cle
1174 1245 1259 1263 manu
1287 1240 1333 1262 tua
1357 1235 1510 1272 requiram.
1559 1234 1632 1265 Quid
1663 1235 1754 1269 potuit
1786 1236 1954 1273 expressius,
1987 1236 2052 1270 quid
2072 1242 2099 1260 20

419 1293 544 1327 apertius
568 1295 662 1326 potest
687 1292 763 1317 diei?
799 1290 836 1316 ‘Si
862 1290 964 1325 impio',
990 1290 1097 1324 inquid,
1123 1290 1242 1316 ‘loeutus
1259 1298 1313 1315 non
1334 1289 1431 1321 fueris,
1456 1292 1486 1314 ut
1504 1297 1532 1314 se
1551 1289 1585 1314 ab
1602 1288 1765 1322 impiaetate
1791 1289 1929 1315 custodiat
1954 1292 1983 1315 et
2006 1289 2052 1314 ille

419 1346 546 1380 perierit,
579 1345 740 1379 sanguinem
773 1345 832 1370 eius
864 1344 899 1369 de
923 1353 1005 1369 manu
1030 1348 1079 1369 tua
1102 1341 1261 1377 requiram'.
1308 1342 1369 1368 Hoc
1395 1346 1437 1368 est
1462 1342 1572 1368 dicere:
1598 1341 1638 1367 ‘Si
1663 1341 1688 1367 ei
1712 1345 1831 1376 peccata
1854 1351 1903 1368 sua
1927 1350 1980 1368 non
2005 1342 2053 1368 ad-

419 1399 602 1430 nuntiaveris,
634 1398 655 1424 si
688 1407 750 1424 eum
780 1406 834 1423 nou
866 1397 1000 1431 argueris,
1032 1399 1064 1422 ut
1095 1396 1130 1422 ab
1161 1396 1323 1430 impiaetate
1353 1404 1403 1421 sua
1427 1398 1607 1421 eonvertatur
1631 1398 1659 1420 et
1683 1395 1768 1427 vivat,
1802 1399 1830 1421 et
1854 1398 1894 1427 te,
1926 1395 1973 1429 qui
2000 1403 2054 1421 non

420 1452 581 1486 increpasti,
609 1455 636 1477 et
661 1451 759 1485 ipsum,
786 1451 831 1484 qui
856 1454 884 1476 to
910 1453 1023 1476 tacente
1048 1449 1186 1483 peccavit,
1211 1448 1326 1474 flammis
1350 1449 1522 1482 perennibus
1546 1447 1682 1482 perdam'.
1720 1447 1788 1478 Quis
1809 1457 1875 1483 rogo
1900 1451 1956 1474 tam
1980 1448 2054 1474 saxei

421 1505 553 1539 pectoris,
587 1505 646 1538 quis
677 1508 731 1530 tam
757 1504 865 1530 ferreus
891 1503 953 1534 erit,
986 1511 1068 1537 quem
1100 1502 1242 1528 sententia
1272 1502 1325 1527 ista
1348 1511 1403 1527 non
1427 1504 1543 1533 terreat,
1576 1501 1636 1535 quis
1660 1504 1716 1527 tam
1741 1501 1848 1527 alienus
1872 1510 1888 1528 a
1911 1501 1978 1533 fide,
2008 1501 2053 1535 qui
2074 1506 2100 1525 25

420 1558 579 1584 sententiae
605 1558 649 1583 isti
673 1566 727 1583 non
752 1557 870 1583 credat?

527 1614 690 1645 XXVH1.
729 1613 938 1654 Gregorii
965 1613 1011 1643 de
1036 1611 1296 1654 pastoribus
1327 1622 1409 1642 non
1440 1617 1561 1642 reete
1588 1611 1915 1653 gradientibus
1963 1614 2055 1642 Sunt2

420 1673 555 1705 nonnulli,
587 1673 633 1706 qui
665 1672 771 1698 sollerti
802 1680 869 1697 cura
898 1671 1034 1705 spiritalia
1063 1673 1218 1704 praecepta
1247 1672 1469 1704 perscrutantur,
1502 1670 1552 1695 sed
1583 1678 1654 1703 quae
1685 1669 1877 1704 intellegendo
1902 1673 2054 1704 penetrant

420 1727 539 1752 vivendo
564 1725 736 1751 conculeant.
774 1725 905 1759 Repente
931 1725 1033 1750 docent
1058 1732 1129 1757 quae
1154 1732 1208 1749 non
1232 1731 1328 1757 opere,
1353 1723 1403 1749 sed
1427 1723 1610 1749 meditatione
1637 1723 1793 1749 didicerant
1818 1726 1845 1749 et
1871 1723 1945 1757 quod
1962 1723 2054 1749 verbis

420 1779 585 1813 praedicant
609 1779 730 1804 moribus
754 1778 920 1812 inpugnant.
968 1777 1050 1804 Unde
1075 1776 1117 1808 fit,
1143 1779 1184 1808 ut,
1210 1785 1271 1802 cum
1295 1781 1390 1809 pastor
1413 1784 1464 1809 per
1489 1776 1608 1810 abrupta
1631 1776 1767 1809 graditur,
1800 1776 1834 1801 ad
1858 1776 2054 1810 praecipitium
2074 1785 2099 1803 so

420 1842 488 1867 grex
519 1835 662 1866 sequatur.
719 1831 772 1856 Per
801 1830 966 1865 prophetam
998 1830 1132 1856 Dominus
1164 1832 1260 1856 contra
1291 1828 1530 1862 contemptibilem
1563 1832 1705 1862 pastorum
1736 1829 1879 1854 scientiam
1911 1828 2055 1862 quaeritur

278 1882 400 1905 Emeum,
422 1886 532 1911 dicens:
562 1884 627 1911 Cum
652 1883 706 1920 ipsi
729 1883 945 1919 linqiidissz'matn
971 1892 1072 1919 aquam
1098 1881 1225 1915 biberitis,
1251 1881 1384 1917 reliquam
1404 1881 1521 1917 pedibus
1546 1881 1641 1908 vestris
1666 1881 1833 1914 turbabatis5
1859 1885 1883 1908 et
1901 1890 1963 1908 ores
1979 1890 2055 1908 meae

305 1909 335 1928 18⁴
345 1909 376 1929 19.

422 1948 492 1974 qnae
516 1938 677 1964 com-alcala
698 1936 813 1972 pedibus
838 1936 933 1963 restris
951 1936 1074 1970 fuerant
1093 1934 1284 1971 pascebantur
1308 1938 1340 1967 el,
1366 1944 1437 1970 quae
1456 1934 1543 1970 pedes
1566 1933 1650 1961 vestri
1672 1933 1860 1967 turbarer-unt,
1891 1934 1959 1961 haec
1985 1933 2053 1960 bibe-

423 1991 496 2017 bant.
544 1991 652 2025 Aquam
685 1999 785 2024 nempe
818 1990 1034 2024 limpidissimam
1066 1993 1192 2022 pastores
1223 1988 1333 2019 bibunt,
1366 1997 1426 2013 eum
1457 1987 1565 2014 fluenta
1594 1987 1720 2013 veritatis
1751 1992 1828 2014 recte
1853 1987 2053 2022 intellegentes

422 2044 563 2070 hauriunt.
611 2044 666 2070 Sed
693 2044 811 2069 eandem
835 2051 934 2076 aquam
958 2042 1124 2076 perturbare
1151 2045 1193 2067 est
1218 2044 1330 2067 sanetae
1355 2041 1545 2067 meditationis
1569 2041 1662 2066 studia
1685 2040 1755 2066 male
1784 2041 1903 2067 vivendo
1934 2049 2054 2066 eorrum-
2075 2049 2101 2068 85

423 2107 501 2131 perv,
549 2098 657 2131 Aquam
690 2096 797 2122 scilicet
827 2100 968 2130 pastorum
999 2095 1139 2120 turbatam
1170 2094 1289 2128 pedibus
1320 2102 1385 2120 oves
1416 2093 1525 2125 bibunt,
1558 2102 1619 2119 cum
1646 2093 1764 2119 subiecti
1790 2093 1892 2127 quique
1917 2102 1971 2120 non
1995 2102 2054 2119 sec-

424 2154 518 2176 tantur
542 2151 638 2181 verba,
670 2159 740 2184 quae
766 2150 892 2180 audiunt,
918 2149 967 2175 sed
998 2148 1066 2180 sola,
1093 2156 1163 2181 quae
1190 2147 1373 2181 conspiciunt,
1405 2146 1532 2180 exempla
1554 2146 1700 2180 pravitatis
1730 2147 1880 2175 imitantur,
1914 2147 1970 2180 qui,
1995 2156 2056 2172 cum

424 2204 500 2229 dicta
530 2203 637 2235 sitiunt,
674 2212 744 2236 quae
778 2212 828 2236 per
858 2210 944 2235 opera
975 2204 1133 2232 vertuntur,
1166 2200 1243 2234 quasi
1275 2200 1411 2234 corruptis
1445 2199 1568 2225 fontibus
1600 2199 1626 2224 in
1662 2199 1774 2233 potibus
1809 2199 1898 2225 lutum
1933 2203 2054 2225 sumunt.

530 2351 626 2374 xxm.
662 2352 670 2373 1
702 2350 767 2379 Quis
794 2346 1002 2378 scandalizatur]
1038 2349 1090 2377 Qui
1116 2347 1315 2372 scandalizator
1341 2347 1372 2371 B.
1464 2347 1478 2370 5
1505 2344 1582 2377 alius]
1610 2346 1668 2370 aliis
1695 2347 1726 2370 B.
1816 2344 1903 2378 quein]
1930 2354 1998 2377 quae
2024 2346 2056 2370 L.

425 2397 439 2419 9
461 2394 646 2418 lizehiehelem
667 2394 697 2417 L'.
791 2395 822 2417 11)
842 2394 1072 2417 denuntiationem
1093 2392 1123 2415 L.
1214 2393 1334 2415 dicentes
1355 2391 1386 2415 B.
1473 2392 1500 2414 11
1523 2395 1692 2415 transeuntes
1714 2391 1744 2414 R.
1764 2391 1795 2415 L.
1880 2388 1917 2421 ut]
1939 2399 1999 2414 nam
2019 2391 2054 2415 ill.
2075 2398 2102 2415 -io

427 2441 457 2463 13
479 2436 518 2469 ae]
539 2439 587 2462 hae
608 2438 639 2462 B.
715 2439 744 2461 14
766 2438 904 2461 continuat
924 2437 955 2461 JJ.
1029 2437 1148 2460 Audiens
1169 2436 1200 2459 B.
1276 2436 1305 2460 17
1327 2433 1394 2465 inea]
1415 2444 1446 2459 ea
1466 2435 1498 2459 B.
1572 2436 1602 2458 19
1623 2435 1761 2459 moriaeris
1781 2435 1812 2459 R.
1874 2434 1928 2464 via]
1948 2436 2004 2459 vita
2023 2435 2054 2459 B.

426 2484 457 2507 24
478 2483 656 2514 perhennibns
678 2482 708 2505 R.
782 2479 856 2512 rogo]
878 2490 941 2511 ergo
962 2481 992 2505 L.

533 2536 641 2558 XXVII.
671 2536 703 2558 *ΒΗ
724 2532 835 2564 sollerti]
858 2534 951 2558 solesti
971 2534 1002 2558 B.
1082 2535 1114 2557 29
1135 2533 1287 2557 didicerunt
1307 2533 1338 2556 B.
1416 2533 1446 2556 31
1469 2536 1602 2564 pastorem
1622 2532 1654 2556 B.
1735 2533 1766 2556 32
1787 2531 2004 2563 lympidissimam
2023 2531 2056 2556 R,

427 2581 458 2603 33
480 2583 503 2603 et
525 2588 591 2610 quae
613 2578 702 2611 pedes}
724 2582 749 2602 et
771 2579 850 2610 pedes
872 2578 902 2601 R.
993 2575 1178 2607 turbaverunt]
1201 2581 1227 2601 et
1245 2577 1303 2601 add.
1324 2576 1354 2600 L.
1446 2577 1478 2600 35
1504 2573 1641 2606 hauriunt]
1662 2577 1768 2600 auriunt
1788 2576 1820 2599 B.
1910 2576 2006 2599 studea
2024 2575 2057 2599 L.

427 2632 588 2655 ‹zorruppere
608 2624 640 2648 J).
2074 2627 2101 2644 45

538 2740 562 2769 1')
591 2740 619 2766 (¹.
640 2740 677 2767 §.²7
695 2749 734 2761 Ξ
760 2738 827 2765 Taio
854 2739 882 2764 ll
905 2748 926 2764 e.
945 2740 998 2769 39,·
1028 2738 1120 2771 Irim—0,
1146 2739 1163 2764 l.
1182 2739 1198 2764 l.
1225 2738 1337 2770 XXXI,
1362 2739 1420 2766 324
1437 2748 1495 2774 sqq.
1523 2734 1641 2774 (illi-qne,
1667 2738 1683 2764 l.
1702 2738 1718 2764 l.
1747 2737 1868 2769 LXXX,
1894 2738 1953 2765 835
1970 2734 2054 2773 sqq.).

429 2794 455 2819 2·
489 2793 533 2819 lxlv
559 2792 696 2829 (ῗνιῃιηἻὶι
723 2792 774 2825 ill„
799 2791 908 2828 Ir'z’gsula
928 2795 1038 2827 postor.
1064 2791 1081 2817 ]
1103 2801 1124 2817 c.
1142 2793 1178 2821 2.-
1211 2790 1282 2827 01)st-
1308 2791 1346 2824 ll,
1372 2792 1388 2819 3
1401 2802 1441 2827 sq.
