2242 3085
103 705 129 724 10

103 971 127 990 15

100 1237 127 1256 20

100 1504 126 1522 25

100 1770 126 1788 30

101 2034 127 2053 35

100 2407 127 2425 40

101 2627 128 2645 45

570 121 620 147 39.
658 120 874 149 CONCILIUM
899 121 1226 153 AQUISGRANENSE
1251 124 1286 150 A.
1309 124 1383 151 816.
1736 122 1798 151 393

150 219 263 251 birrum,
288 219 390 245 lineam
415 219 537 245 tunicam
561 219 613 244 nisi
638 219 665 245 in
690 227 845 245 commune.
883 220 927 245 Dc
945 221 1081 246 communi
1106 222 1202 255 accepi
1229 225 1257 247 et
1282 222 1346 247 mihi
1372 222 1433 256 ipsi,
1459 231 1521 248 011111
1546 223 1630 248 sciam
1654 231 1798 248 commune

150 282 193 298 me
224 272 298 298 velle
329 272 433 298 habere
467 272 600 306 quiequid
631 273 732 298 habeo.
781 272 852 299 Nolo
883 272 951 298 talia
981 273 1082 299 offerat
1115 275 1249 300 sanctitas
1274 278 1376 307 vestra,
1411 275 1512 309 quibus
1544 284 1596 309 ego
1621 275 1695 301 solus
1721 276 1797 309 quasi

150 326 297 351 decentius
321 328 394 351 utar.
433 324 577 351 Offeratur
601 325 677 357 mihi,
702 325 780 351 verbi
805 326 906 359 gratia,
931 326 1034 351 birrum
1058 327 1221 360 pretiosum.
1259 328 1343 354 Forte
1369 328 1454 354 decet
1476 328 1647 362 episcopum,
1674 329 1798 362 quamvis

149 387 203 404 non
228 378 330 405 deceat
354 377 554 412 Augustinum,
588 379 615 404 id
647 382 689 405 est
721 378 859 405 hominem
891 387 1045 413 pauperem
1078 379 1112 405 de
1145 381 1317 414 pauperibus
1346 384 1451 406 natum.
1498 381 1582 407 Modo
1608 382 1709 407 dicturi
1734 386 1797 407 sunt

149 431 284 463 homines,
310 431 374 465 quia
398 431 492 457 inveni
516 432 654 466 pretiosas
678 435 784 463 vestes,
817 440 886 465 quas
918 440 971 458 non
1003 440 1114 466 possem
1146 433 1250 459 habere
1284 433 1328 459 vel
1353 434 1379 459 in
1405 435 1485 459 domo
1510 434 1597 467 patris
1622 435 1676 460 mei
1701 435 1746 460 vel
1770 435 1797 460 in

149 484 196 510 illa
227 484 363 510 saeculari
394 484 568 518 professione
600 494 678 511 mea:
712 484 784 511 ‘Non
816 484 920 511 decet’.
969 485 1066 511 Talem
1099 486 1202 513 debeo.
1235 486 1345 520 qualem
1377 487 1488 520 possim,
1521 488 1542 513 si
1574 496 1628 513 non
1656 487 1796 519 habuerit,

148 537 227 564 fratri
251 546 312 563 meo
337 538 421 569 dare3
455 537 566 572 qualem
598 541 694 572 potest
725 538 829 564 habere
861 538 1012 572 presbiter,
1045 539 1156 572 qualem
1187 542 1282 573 potest
1314 539 1419 565 habere
1449 541 1586 566 decenter
1611 541 1743 566 diaconus
1769 545 1796 567 et

147 590 344 622 subdiaconus,
377 590 463 617 talem
487 591 549 617 volo
577 591 716 625 accipere,
750 591 816 625 quia
846 591 873 616 in
898 600 1042 617 commune.
1068 592 1185 626 accipio.
1233 591 1261 617 Si
1287 593 1348 626 quis
1372 593 1514 619 meliorem
1540 594 1662 625 dederit,
1688 594 1795 625 vcnd03

148 643 222 677 quod
254 646 283 669 et
315 644 409 670 facere
434 643 520 675 soleo,
552 647 593 675 ut,
627 644 739 678 quando
764 652 818 670 non
843 647 937 678 potest
963 645 1048 671 vestis
1075 654 1135 671 esse
1162 645 1322 676 communis,
1353 646 1474 679 pretium
1500 647 1586 672 vestis
1618 647 1705 680 possit
1734 656 1795 673 esse

148 705 309 729 commune3
335 697 427 723 vendo
452 700 481 723 et
506 705 591 731 erogo
614 697 796 732 pauperibus.
834 697 863 723 Si
887 697 938 723 1100
956 707 1018 724 eum
1036 698 1173 727 delectat,
1198 702 1229 724 ut
1254 707 1306 732 ego
1331 698 1460 730 habeam,
1487 699 1571 725 talem
1596 700 1656 726 det.
1682 700 1716 726 dc
1743 709 1797 734 qua

146 759 201 776 non
227 750 400 776 erubescam.
448 750 552 776 Fateor
584 750 656 776 enim
681 751 770 782 vobis,
802 751 836 776 de
869 751 994 784 pretiosa
1024 755 1104 778 veste
1131 752 1276 783 erubesco,
1311 752 1376 785 quia
1403 760 1457 777 non
1482 752 1566 778 decet
1591 752 1662 779 hanc
1687 753 1796 787 profes-

147 803 261 835 sionem,
294 812 348 829 non
380 804 465 830 decet
489 803 559 829 hanc
584 803 820 835 ammonitionem,
852 812 906 829 non
932 804 1016 830 decet.
1041 805 1109 831 haec
1134 805 1267 837 membra,
1301 814 1354 831 non
1380 805 1463 831 dccet
1489 805 1537 831 hos
1562 814 1656 831 canos.
1706 806 1796 832 Etiam

146 856 215 882 illud
241 857 312 889 dico,
339 857 359 882 si
384 856 458 883 forte
483 857 510 882 in
534 860 630 883 nostra
654 857 744 889 domo,
770 857 797 883 in
822 860 917 883 nostra
941 858 1078 884 societate
1105 867 1173 892 eger
1197 862 1241 884 est
1266 858 1365 892 aliquis
1390 858 1435 884 vel
1460 862 1523 892 post
1542 859 1740 892 egritudinem,
1766 862 1796 884 ut

146 918 264 936 necesse
290 910 325 936 sit.
350 919 412 936 eum
437 913 504 936 ante
529 910 625 936 horam
648 910 758 944 prandii
783 909 912 941 reficere,
944 919 998 936 non
1030 911 1167 945 prohibeo
1197 911 1342 945 religiosos
1374 911 1417 936 vel
1450 911 1593 945 religiosas
1618 912 1731 938 mittere
1757 912 1796 938 eis

146 963 222 997 quod
254 963 293 989 eis
324 963 446 995 videtur,
480 966 510 989 ut
541 963 663 990 mittant.
712 963 863 989 Prandium
895 967 989 990 tamen
1023 967 1051 989 et
1083 973 1198 990 caenam
1231 968 1310 990 extra
1340 973 1421 991 nemo
1450 965 1576 991 habebit.
1625 965 1698 991 Ecce
1724 965 1796 997 dico,

146 1017 285 1043 audistis?
321 1016 459 1042 Andiunt.
497 1016 552 1047 Qui
576 1017 681 1043 habere
707 1017 827 1043 voluerit
852 1018 993 1051 proprium
1019 1021 1047 1043 et
1073 1018 1107 1044 de
1133 1018 1244 1052 proprio
1269 1018 1364 1044 vivere
1390 1022 1418 1044 et
1444 1022 1540 1044 contra
1565 1019 1616 1044 ista
1641 1022 1797 1052 praecepta

145 1073 241 1096 nostra
264 1069 370 1102 facere,
396 1079 493 1104 parum
518 1074 572 1102 cst,
597 1073 628 1096 ut
653 1071 753 1101 dicam,
778 1080 832 1096 non
858 1080 966 1097 1110011111
990 1071 1125 1101 manebit,
1155 1071 1205 1097 sed
1231 1071 1349 1097 clericus
1373 1080 1429 1097 non
1454 1071 1517 1097 erit.
1565 1071 1696 1097 Dixeram
1723 1072 1795 1097 enim

147 1126 175 1149 et
200 1123 257 1149 scio
281 1132 324 1149 me
350 1123 464 1155 dixisse,
489 1127 530 1155 ut,
555 1124 577 1149 si
601 1123 709 1150 nollent
734 1124 879 1158 suscipere
905 1124 1034 1150 socialem
1059 1124 1143 1150 vitam
1168 1133 1287 1157 mecum,
1313 1133 1367 1150 non
1393 1124 1446 1150 illis
1470 1125 1600 1151 tollerem
1623 1125 1794 1157 clericatum,

146 1184 269 1203 seorsum
293 1180 451 1209 manerent,
477 1185 601 1203 seorsum
625 1177 763 1209 viverent,
791 1177 929 1211 quomodo
954 1181 1078 1209 nossent,
1106 1177 1168 1203 Deo
1185 1177 1323 1209 viverent,
1351 1181 1491 1204 ettamen
1509 1181 1575 1204 ante
1593 1178 1687 1203 oculos
1704 1179 1795 1212 posui,

146 1233 282 1264 quantum
307 1229 370 1256 mali
403 1230 438 1255 sit
463 1239 479 1256 a
502 1230 646 1264 proposito
678 1231 790 1257 cadere.
839 1230 926 1256 Malui
958 1231 1030 1256 enim
1055 1230 1160 1256 habore
1186 1231 1231 1256 vel
1255 1231 1370 1257 claudos
1395 1240 1477 1265 quam
1502 1231 1637 1265 plangere
1662 1234 1795 1257 mortuos.

146 1282 200 1313 Qui
226 1283 298 1309 enim
323 1283 491 1318 hypochrita
515 1286 558 1310 est
582 1287 707 1310 mortuus
733 1287 784 1310 est.
834 1282 979 1313 Quomodo
1005 1292 1081 1318 ergo,
1109 1284 1278 1318 quicumque
1304 1284 1438 1310 voluisset
1464 1288 1543 1310 extra
1566 1293 1679 1310 manere
1706 1288 1734 1310 ct
1760 1285 1795 1310 (10

145 1345 195 1362 suo
218 1336 325 1368 vivere,
357 1345 411 1362 non
443 1337 468 1362 ei
493 1336 622 1363 tollerem
647 1336 821 1368 clericatum,
854 1337 892 1362 ita
922 1337 1003 1362 modo
1035 1337 1101 1371 quia
1131 1337 1238 1371 placuit
1269 1337 1322 1363 illis
1346 1338 1409 1363 Deo
1441 1338 1562 1371 propitio
1594 1337 1701 1363 socialis
1726 1337 1795 1363 haec

146 1389 212 1421 vita,
239 1389 365 1424 quisquis
390 1398 451 1415 cum
475 1389 615 1424 hypocrisi
640 1390 750 1421 vixerit,
777 1390 903 1424 quisquis
928 1390 1058 1416 inventus
1083 1390 1169 1417 fuerit
1193 1390 1301 1416 habens
1326 1391 1477 1425 proprium,
1508 1400 1562 1416 non
1587 1391 1625 1416 illi
1651 1391 1795 1424 permitto,

145 1445 177 1468 ut·
200 1443 266 1469 inde
291 1442 376 1468 faciat
401 1446 613 1475 testamentum,
639 1443 689 1469 sed
715 1443 818 1469 (1010110
845 1452 907 1469 011111
932 1443 967 1469 de
992 1443 1091 1469 tabula
1115 1443 1288 1469 clericorum.
1336 1443 1507 1478 Inter-pellet
1532 1447 1629 1470 contra
1652 1453 1695 1469 mc
1722 1444 1795 1470 mille

145 1495 271 1528 concilia,
297 1496 412 1530 naviget
437 1499 534 1522 contra
557 1505 601 1522 mc
627 1505 681 1530 quo
706 1496 837 1528 voluerit,
863 1497 897 1522 sit
923 1500 1000 1522 certe
1026 1497 1073 1523 ubi
1097 1497 1238 1531 potuerit:
1273 1497 1417 1523 adiuvabit
1443 1506 1486 1523 me
1511 1497 1657 1529 Dominus,
1682 1500 1723 1529 ut,
1749 1497 1796 1523 ubi

146 1558 198 1584 ego
224 1549 372 1584 episeopus
396 1559 466 1582 sum,
499 1549 545 1575 illc
578 1549 696 1576 clericus
729 1559 790 1576 esse
815 1559 870 1575 non
895 1550 992 1584 possit.
1041 1550 1189 1576 Audistis?
1236 1550 1407 1576 Audicrunt.
1456 1550 1512 1576 Sed
1544 1559 1626 1585 spero
1651 1551 1678 1576 in
1703 1551 1796 1576 Deum

145 1605 269 1628 nostrum
295 1607 323 1628 et
348 1603 565 1629 misericordiam
591 1603 660 1635 eius,
686 1603 760 1637 quia,
786 1603 858 1628 sicut
883 1603 1093 1637 dispositionem
1115 1612 1205 1629 meam
1222 1604 1303 1629 istam
1320 1603 1447 1629 hilariter
1464 1608 1646 1637 acceperunt,
1672 1603 1710 1628 sic
1736 1612 1795 1629 eam

145 1665 214 1690 pure
239 1655 420 1690 fideliterque
446 1656 611 1682 servabunt.
648 1656 712 1681 Dixi
730 1656 834 1690 aliquid
859 1665 939 1682 51111111
964 1665 1018 1682 11011
1042 1657 1147 1683 habere
1172 1657 1357 1691 presbiteros,
1383 1657 1590 1683 cohabitatores
1610 1666 1697 1689 meos,
1723 1657 1796 1683 inter

146 1718 214 1743 quos
240 1713 283 1735 est
309 1713 337 1735 et
361 1710 504 1744 presbiter
528 1709 682 1736 Barnabas.
719 1709 823 1735 Sedet
846 1710 880 1736 de
906 1709 953 1735 illo
978 1710 1071 1736 audivi
1097 1710 1236 1744 quaedam
1260 1710 1347 1736 fuisse
1372 1710 1489 1739 iactata,
1515 1714 1580 1736 ante
1607 1711 1707 1741 omnia,
1733 1710 1795 1744 quia

147 1763 211 1788 cmit
236 1762 329 1789 villam
354 1772 370 1788 a
394 1762 498 1789 dilecto
525 1766 553 1789 et
578 1762 732 1789 honorabili
757 1762 812 1789 filio
838 1772 900 1789 meo
924 1763 1068 1789 Eleusino.
1105 1763 1166 1789 Hoc
1191 1763 1291 1789 falsum
1317 1766 1370 1789 est.
1407 1763 1578 1789 Monasterio
1598 1764 1712 1789 donavit
1737 1763 1795 1793 illc,

145 1824 199 1842 non
224 1816 361 1842 vendidit.
410 1816 470 1849 Ego
495 1825 554 1841 511111
579 1816 671 1841 testis.
717 1816 790 1846 Quid
817 1817 935 1851 amplius
960 1817 1112 1850 quaeratis,
1138 1817 1245 1849 ignoro.
1294 1817 1353 1850 Ego
1378 1825 1436 1842 sum
1462 1817 1554 1842 testis.
1591 1817 1713 1842 Donavit
1738 1817 1795 1847 illc,

145 1878 199 1895 non
230 1869 370 1895 vendidit.
418 1868 484 1901 Sed,
518 1869 582 1895 dum
613 1878 668 1895 non
693 1869 818 1895 creditur
843 1870 947 1896 donare
973 1870 1108 1904 potuisse,
1135 1870 1259 1896 creditus
1285 1873 1328 1895 est
1353 1869 1524 1895 vendidisse.
1572 1870 1679 1896 Beatus
1703 1870 1793 1901 homo,

146 1923 192 1957 qui
228 1926 284 1948 tam
319 1923 422 1948 bonum
457 1931 528 1957 opus
564 1922 643 1955 fecit,
679 1926 710 1948 ut
746 1932 800 1949 non
837 1923 1018 1949 crederetur!
1069 1923 1176 1949 Tamen
1212 1923 1257 1949 vel
1293 1923 1374 1949 inodo
1410 1923 1517 1949 credite
1555 1927 1583 1949 et
1619 1924 1795 1949 detractores

145 1976 242 2002 audire
266 1976 390 2002 libenter
415 1976 546 2002 doeinite.
593 1976 651 2002 Iam
676 1976 742 2007 (lixi,
775 1986 827 2010 ego
852 1985 911 2001 sum
936 1977 1029 2002 testis.
1077 1977 1190 2002 Dictum
1222 1980 1264 2002 est
1297 1977 1331 2002 de
1364 1976 1420 2007 illo,
1455 1977 1528 2010 1111011
1553 1985 1625 2002 anno
1649 1977 1793 2010 praeposi-

146 2033 227 2055 turae
252 2038 319 2055 suae
344 2038 396 2063 per
420 2029 584 2055 industriam
610 2029 708 2055 debita
731 2029 842 2061 fecerit,
877 2033 918 2058 ut,
954 2030 1018 2055 dum
1043 2029 1104 2055 volo
1139 2038 1190 2063 ego
1216 2029 1295 2055 reddi
1321 2029 1427 2058 debita,
1463 2030 1557 2055 darem
1590 2029 1628 2055 illi
1660 2030 1794 2063 poscendi

146 2082 262 2108 fundum
281 2082 530 2114 Victorianensem,
556 2086 697 2116 tamquam
722 2083 839 2108 dixisset
863 2082 944 2108 mihi:
972 2083 1021 2109 ‘Ut
1043 2083 1157 2109 reddam
1176 2083 1273 2108 debita
1297 2092 1368 2113 111011,
1395 2083 1428 2107 dn
1455 2082 1517 2107 mihi
1543 2083 1569 2107 in
1593 2083 1691 2108 decem
1709 2091 1795 2108 annos

146 2135 262 2161 fundum
280 2135 543 2161 Victorianensem‘.
580 2136 615 2161 Et
641 2136 692 2162 hoc
717 2135 816 2161 falsum
842 2139 895 2166 est,
921 2136 971 2162 sed
996 2135 1047 2161 fnit
1074 2136 1148 2161 unde
1173 2144 1265 2161 rumor
1289 2139 1462 2161 nasceretur.
1503 2136 1582 2161 Fecit
1608 2136 1703 2162 debita
1729 2136 1794 2161 red-

147 2188 249 2214 denda.
298 2189 322 2214 A
348 2189 427 2214 nobis
452 2189 563 2215 reddita
594 2192 658 2214 sunt
683 2189 782 2223 partim
808 2189 883 2214 unde
910 2192 1073 2223 potuerunt.
1123 2189 1267 2214 Remansit
1299 2188 1415 2222 aliquid,
1446 2189 1520 2222 1111011
1550 2197 1604 2214 11011
1636 2189 1795 2215 debebatur

147 2242 230 2267 etiam
255 2242 423 2268 monasterio
447 2242 497 2274 illi,
523 2243 597 2276 quod
622 2251 673 2276 per
697 2243 785 2276 ipsum
802 2242 881 2268 Dens
906 2242 1037 2267 instituit.
1075 2241 1144 2267 Cum
1170 2250 1236 2275 ergo
1261 2242 1451 2272 rmnansissct,
1477 2242 1620 2275 caepimus
1645 2252 1794 2276 quaerere,

253 2399 356 2422 CXIII.
389 2401 397 2422 1
422 2400 528 2430 byrrum
548 2400 586 2423 hic
605 2404 627 2423 e!
647 2400 717 2431 infra
738 2400 769 2423 J).
843 2400 958 2423 tonicam
981 2398 1011 2423 ΙΙ.
1032 2399 1064 2423 L'.
1138 2396 1243 2431 11000111]
1267 2400 1384 2431 accipiet
1409 2399 1437 2423 ΙΙ.
1512 2408 1680 2423 communem
1703 2408 1742 2423 11ιο
1767 2399 1794 2423 Ιί.

147 2445 161 2467 4
182 2441 288 2473 deceat]
311 2443 407 2467 doceat
431 2443 458 2473 L,
486 2444 552 2467 dee-xc
570 2444 602 2468 B.
694 2446 708 2467 ἴ)
729 2445 864 2475 preciosos
886 2444 917 2467 ΙΙ.
1010 2446 1024 2468 6
1052 2441 1147 2474 debeo]
1169 2444 1267 2467 habere
1287 2443 1346 2467 add.
1367 2444 1433 2475 Any.
1526 2444 1539 2467 7
1566 2448 1592 2467 et
1612 2444 1795 2467 subdiaconus

145 2488 235 2512 desunt
254 2487 284 2512 L.
343 2489 374 2512 10
395 2487 507 2511 dilectat
530 2487 558 2517 L,
585 2487 702 2512 delectet
722 2489 752 2512 J1'.
810 2486 848 2519 ut]
870 2492 895 2512 ct
916 2488 947 2512 ]›'.
1013 2485 1074 2519 111111]
1095 2496 1147 2519 quo
1170 2487 1199 2511 L.
1220 2488 1253 2512 B.
1320 2490 1347 2512 11
1371 2488 1538 2520 professione
1560 2488 1591 2511 B.
1668 2490 1697 2511 12
1719 2485 1794 2517 haec]

146 2533 195 2556 ha<-
220 2532 247 2556 Ι1.
306 2533 337 2555 13
359 2532 519 2563 egritudinis
542 2530 571 2555 L.
629 2533 660 2556 14
681 2530 836 2563 religiosos]
852 2532 938 2564 releg-
958 2533 1056 2564 saepius
1078 2532 1106 2556 L.
1165 2534 1195 2556 15
1217 2535 1241 2556 ct
1256 2529 1377 2563 caenam]
1398 2536 1426 2556 ut
1441 2541 1534 2556 cenam
1556 2532 1585 2562 L,
1607 2532 1639 2556 ad
1656 2540 1748 2555 cenam
1764 2532 1795 2555 Il.

147 2574 235 2607 nemo]
262 2584 314 2600 non
334 2576 394 2600 ((1111.
414 2576 444 2600 L.
539 2578 569 2599 18
590 2576 683 2600 nolent
706 2577 734 2600 11⁵.
829 2578 859 2601 19
885 2577 1021 2609 quomodo
1036 2589 1068 2592 —
1084 2577 1206 2601 viverent
1225 2577 1314 2601 ‹le-nm!
1334 2577 1364 2601 L.
1457 2578 1489 2600 24)
1516 2576 1584 2600 male
1606 2576 1635 2603 L,
1666 2576 1742 2599 mulis·
1768 2576 1794 2599 l).

147 2622 177 2645 21
201 2622 270 2644 enim
290 2620 355 2644 «locst
376 2620 410 2644 M.
503 2621 642 2651 hypocrita
662 2620 692 2644 L.
714 2621 748 2644 M.
841 2622 873 2645 22
894 2621 948 2645 illis
967 2621 1032 2645 dees!
1055 2621 1083 2645 11.
1170 2622 1236 2645 haec
1256 2621 1321 2645 dees!
1340 2621 1372 2645 R.
1462 2622 1494 2645 23
1516 2622 1636 2652 quisquis
1650 2633 1683 2636 —
1699 2621 1793 2643 vixerit

146 2665 234 2689 (lesum
254 2665 285 2688 B.
359 2665 475 2695 ypocrisi
499 2663 533 2688 Μ.
607 2665 639 2688 24
660 2663 744 2695 mille]
768 2665 812 2689 illc
834 2665 865 2689 Jt'.
946 2667 978 2690 25
999 2663 1062 2697 (1110]
1083 2666 1155 2696 quod
1176 2665 1208 2689 Is'·
1288 2667 1320 2689 26
1342 2674 1392 2695 ceo
1412 2665 1476 2689 deest
1499 2665 1526 2688 L.
1609 2666 1641 2688 2³
1662 2663 1742 2694 :diqni
1768 2666 1794 2688 1,.

147 2710 179 2733 29
194 2710 326 2741 presbiter
340 2707 488 2738 Barnabas!
505 2709 643 2733 Barnabas
657 2710 788 2740 presbiter
805 2710 833 2733 lx'.
884 2708 957 2741 quia]
973 2711 1017 2742 qui
1033 2710 1062 2734 L.
1122 2712 1155 2733 3«)
1170 2710 1298 2733 Elcosino
1317 2710 1344 2733 L.
1401 2711 1433 2733 :32
1450 2709 1599 2732 1-11-1111111111·
1615 2709 1644 2732 Jl.
1696 2709 1793 2731 vende-

148 2753 217 2777 disse
232 2751 263 2777 L.
310 2754 342 2776 33
364 2753 465 2777 credite
481 2750 516 2783 et]
531 2754 631 2777 credite
653 2756 682 2776 nt
705 2753 734 2776 lt.
781 2755 813 2777 35
835 2751 890 2785 per]
912 2762 959 2785 pro
978 2754 1009 2778 Ja'.
1066 2751 1115 2784 illi]
1137 2753 1271 2777 licentiam
1287 2754 1346 2777 add.
1363 2755 1428 2784 ilus).
1443 2762 1454 2775 r*
1468 2762 1529 2776 rut-r.
1544 2753 1598 2776 cdd.
1655 2750 1794 2783 poscendi]

148 2797 281 2828 poncendi
304 2797 334 2821 Β.
409 2798 442 2821 3ss
463 2794 566 2828 decem]
586 2797 729 2821 duodecim
752 2797 781 2821 Ja'.
857 2798 888 2821 ΞΠ
910 2798 1152 2822 Victoriamcnscni
1175 2798 1204 2821 R.
1262 2795 1358 2828 rnnwr]
1380 2806 1436 2821 nior
1460 2797 1487 2820 Ιί.
1562 2799 1594 2819 39
1615 2804 1661 2827 per
1680 2796 1743 2819 devs!
1766 2796 1794 2819 Il.

201 2848 245 2867 LII.
261 2848 359 2867 eoncilia
376 2848 403 2868 ll.
1551 2851 1583 2873 50
