2242 3085
281 870 308 889 cs.
317 870 334 888 2Δ
345 869 405 890 Petr.

313 898 332 919 2,
341 896 374 916 22.

252 1269 370 1293 Ezech.33‚
378 1271 408 1290 11.

248 2014 324 2032 Manli.
334 2014 402 2035 2534,

424 138 487 168 204
903 139 953 166 23.
991 139 1206 168 CONCILIUM
1232 139 1428 167 ROMANUM
1453 141 1490 166 A.
1512 139 1585 166 798.

424 233 502 272 sule,
533 233 611 264 fecit
634 232 723 263 illum
748 231 961 263 orthodoxum
986 233 1019 263 in
1042 232 1180 263 vinculis
1204 232 1357 272 libellum,
1389 232 1664 263 anathematizans
1696 238 1727 263 et
1758 232 1949 264 confirmans
1979 233 2063 264 inter

425 292 533 317 cetera
556 297 762 327 nequaquam
786 284 886 316 filium
911 285 975 315 Dei
1006 284 1193 327 adoptivum
1225 295 1305 324 esse,
1337 285 1420 316 sicut
1444 285 1581 325 dixerat,
1614 285 1672 316 sed
1696 286 1871 327 ‘proprium
1896 291 1928 316 et
1950 296 2062 318 verum

424 339 587 370 dominum
619 345 761 369 nostrum
786 338 893 369 Iesum
918 337 1081 369 Christum
1109 338 1209 369 filium
1234 338 1297 368 Dei
1323 338 1497 369 confiteor’.
1545 337 1640 369 Unde
1665 343 1697 369 et
1719 339 1825 380 ipsum
1849 338 2062 370 orthodoxum

424 404 515 423 suum
540 391 682 422 libellum
708 402 804 433 super
829 397 1035 422 sacrosancta
1051 391 1114 421 Dei
1138 392 1292 433 mysteria
1316 392 1349 421 in
1372 396 1480 422 nostro
1505 390 1701 432 patriarchio
1725 402 1848 433 ponens
1873 391 1992 422 iuravit
2015 392 2061 423 sic

424 452 532 476 tenere
559 451 589 475 et
613 444 767 475 confiteri.
814 444 857 475 Et
887 445 1003 475 iterum
1028 445 1060 474 in
1085 444 1286 474 confessione
1311 455 1408 486 super
1432 455 1548 486 corpus
1572 443 1661 475 beati
1684 444 1772 475 Petri
1797 444 1933 486 apostoli
1956 445 2060 486 ipsum

424 509 546 540 ponens
571 497 784 528 orthodoxum
809 508 900 528 suum
925 496 1068 528 libellum
1094 496 1239 527 similiter
1262 501 1294 527 et
1317 496 1381 528 illic
1406 497 1524 527 iuravit
1543 508 1748 539 nequaquam
1765 508 1799 528 se
1816 497 1924 528 dicere
1942 497 2061 528 audere

424 550 622 593 adoptivum,
648 550 705 581 scd
730 551 905 592 ‘proprium
931 556 962 581 et
987 550 1139 580 dilectum
1162 549 1262 580 filium
1286 549 1351 580 Dei
1375 555 1469 581 teneo
1494 555 1526 580 et
1550 549 1712 580 confiteor’
1726 552 1745 580 1.
1792 550 1835 580 Et
1858 549 2061 592 postmodum

424 602 642 645 transgressus
666 603 771 645 legem
795 603 859 634 Dei
884 603 1004 634 excelsi
1030 602 1156 644 fugiens
1181 602 1268 644 apud
1291 614 1435 644 paganos
1461 607 1696 634 consentaneos
1723 603 1905 645 periuratus
1930 603 2062 634 effectus

424 663 480 688 est.
529 656 594 688 Sed
617 668 678 687 nec
702 656 780 687 illud
804 657 917 687 metuit
942 655 1059 686 almum
1085 660 1116 686 01
1140 655 1354 686 orthodoxum
1379 655 1569 695 concilium,
1586 655 1672 697 quod
1696 656 1728 686 in
1753 661 1929 698 conspectu
1954 655 2061 687 domni

425 709 531 741 Caroli
554 709 750 751 praefulgidi
774 715 806 740 01
830 709 999 740 orthodoxi
1024 708 1132 749 magni
1156 709 1241 750 regis
1265 720 1322 750 pro
1348 708 1531 739 huiusmodi
1554 720 1588 739 re
1613 713 1739 750 gestum
1764 714 1821 748 est,
1854 709 1930 740 satis
1954 713 2062 740 rectae

424 762 498 794 fidei
523 764 703 803 continere,
736 768 767 793 et
797 762 1010 793 anathematis
1035 761 1172 792 vinculis
1196 761 1374 792 iaculantes
1400 761 1538 792 eundem
1561 761 1714 801 Felicem,
1746 762 1772 792 si
1804 762 1836 792 in
1861 762 1930 804 ipso
1956 772 2062 793 errore

423 816 618 857 persisteret,
644 827 716 846 cum
742 814 934 857 sequacibus
960 815 1024 845 suis
1050 814 1346 845 condemnaverunt
1356 818 1376 845 ².
1423 814 1466 845 Et
1495 819 1530 845 ut
1560 814 1686 845 audivit
1714 819 1856 845 vestrum
1881 814 2062 854 concilium,

424 870 456 899 in
482 880 573 899 51111111
597 870 752 899 vomitum
777 874 812 899 ut
836 868 925 899 canis
950 879 1097 898 reversus
1122 873 1170 898 est
1194 868 1226 898 in
1250 867 1419 898 volutabro
1443 867 1511 907 luti,
1542 873 1577 898 ut
1606 867 1740 898 audistis
1771 878 1830 909 per
1861 879 1952 898 suum
1979 867 2063 898 blas-

424 922 543 953 femum
560 921 713 961 libellum,
733 932 827 963 quem
845 920 885 951 ad
903 920 1121 951 venerabilem
1139 921 1242 951 virum
1255 920 1420 960 Albinum,
1437 920 1589 951 abbatem
1605 921 1790 951 monasterii
1807 921 1909 952 sancti
1922 920 2063 959 Martini,

426 975 531 1006 emisit
542 977 562 1014 3,
588 980 619 1005 01
643 976 674 1005 in
699 975 841 1016 peiorem
866 974 1069 1004 latrationem
1095 974 1203 1004 evenit
1228 985 1325 1015 quam
1349 979 1454 1004 antea.
1492 973 1536 1004 Et
1558 973 1674 1004 flebilis
1699 978 1747 1004 est
1770 974 1867 1004 miser
1890 973 1953 1013 ille,
1979 974 2063 1015 quia,

427 1029 451 1058 si
483 1039 546 1059 non
578 1039 618 1058 cx
650 1039 707 1058 sua
737 1028 849 1069 iniqua
879 1027 992 1057 herese
1023 1038 1173 1057 reversus
1204 1026 1301 1057 fuerit
1331 1027 1363 1057 in
1387 1037 1498 1058 veram
1522 1032 1554 1058 et
1582 1026 1782 1066 catholicam,
1814 1032 2063 1066 sacrosanctam,

427 1081 579 1112 olitanam
602 1080 708 1119 fidem,
735 1080 941 1121 semetipsum
967 1079 1271 1110 anathematizavit’.

1007 1194 1070 1225 EX
1094 1194 1292 1226 AOTIONE
1317 1195 1492 1225 TERTIA.

535 1258 602 1288 Leo
635 1258 854 1288 sanctissimus
886 1268 972 1298 papa
1003 1256 1100 1287 dixit:
1135 1256 1218 1298 ‘Ipse
1251 1257 1336 1287 enim
1370 1257 1480 1287 mundi
1516 1257 1700 1298 redemptor
1730 1267 1787 1287 nos
1823 1256 1947 1287 docuit:
1983 1256 2065 1287 Nolo

428 1319 553 1342 mortem
572 1312 759 1353 peccatoris,
784 1311 840 1341 sed
864 1318 895 1341 ut
918 1317 1111 1341 eonvertatur
1136 1317 1163 1341 et
1185 1311 1275 1341 vivat.
1312 1310 1406 1341 Nunc
1430 1311 1547 1341 nostris
1566 1309 1766 1341 sermonibus
1784 1309 2064 1340 commonitionem

428 1364 561 1395 audiant
592 1365 646 1406 qui
678 1370 867 1395 erraverunt
903 1369 934 1394 et
964 1364 1113 1394 conversi
1144 1363 1320 1394 concordes
1351 1362 1444 1394 nobis
1474 1368 1616 1394 nostram
1646 1368 1778 1394 teneant
1810 1362 2000 1393 catholicam
2036 1366 2066 1393 01

429 1418 639 1460 apostolicam
664 1417 761 1448 fidem
787 1423 817 1447 et
841 1422 1024 1447 sanctorum
1048 1422 1175 1458 patrum
1193 1421 1368 1458 sequantur
1383 1416 1582 1447 traditiones.
1622 1416 1823 1447 Venerantes
1840 1415 1952 1458 procul
1969 1414 2066 1446 dubio

429 1477 558 1502 sanetae
585 1470 764 1501 catholicae
790 1476 821 1500 et
845 1469 1041 1512 apostolicae
1066 1469 1233 1508 ecclesiae,
1259 1480 1340 1511 quae
1367 1475 1413 1500 est
1438 1475 1534 1511 caput
1558 1469 1768 1500 eeclesiarum
1784 1469 1858 1508 Dei,
1882 1469 1953 1511 pias
1970 1474 2065 1511 atque

428 1536 536 1555 sacras
556 1524 769 1561 definitiones,
795 1524 920 1565 priscae
938 1523 1087 1553 insistant
1103 1522 1268 1564 religioni3
1294 1528 1562 1564 recognoscentes
1578 1523 1804 1554 rectitudinem
1824 1522 1900 1553 fidei
1916 1522 2064 1562 traditae,

430 1589 557 1608 suarum
583 1577 644 1619 ipsi
669 1577 857 1615 animarum,
882 1576 954 1607 Deo
979 1576 1166 1617 inspirante,
1192 1575 1325 1606 salutem
1350 1575 1543 1617 procurent'.

1108 1673 1206 1704 Post
1230 1684 1378 1715 pauca:

533 1736 655 1775 ‘Felici,
683 1735 890 1777 Orgelitanae
912 1735 1069 1766 ecclesiae
1095 1736 1258 1777 episeopo,
1284 1735 1310 1765 si
1333 1734 1471 1765 noluerit
1496 1734 1658 1765 declinare
1684 1734 1723 1765 de
1747 1734 1889 1765 heretico
1914 1734 2064 1775 dogmate

425 1801 492 1827 suo,
518 1790 550 1820 in
575 1800 637 1831 quo
663 1800 759 1819 ausus
785 1795 832 1819 est
855 1789 955 1819 filium
980 1788 1044 1819 Dei
1069 1788 1257 1830 adoptivum
1277 1799 1431 1826 asserere,
1457 1787 1629 1818 anathema
1645 1788 1694 1827 sit,
1720 1793 1816 1829 atque
1833 1792 1906 1818 ante
1923 1786 2063 1818 tribunal

425 1843 489 1873 Dei
514 1843 742 1884 omnipotentis
768 1842 999 1873 condemnatus
1025 1853 1081 1872 seu
1098 1853 1117 1872 a
1135 1846 1246 1872 sancta
1262 1847 1294 1872 et
1310 1840 1485 1882 apostolica
1502 1841 1567 1871 Dei
1584 1840 1722 1871 ecclesia
1738 1841 1873 1871 extorris
1890 1845 2063 1882 nostroque

426 1897 585 1927 consortio
611 1896 745 1926 1111011115.
781 1895 825 1925 Hi
850 1906 937 1933 vero,
964 1895 1017 1936 qui
1043 1895 1191 1925 conversi
1215 1894 1334 1925 fuerint
1359 1900 1389 1924 et
1413 1899 1541 1924 nostrae
1566 1894 1713 1924 societati
1737 1904 1771 1924 se
1795 1894 1935 1924 unierint
1950 1893 1983 1923 in
2000 1892 2062 1923 fide

426 1955 456 1979 et
492 1948 664 1979 concordia
700 1954 830 1979 sanctae
868 1948 1046 1979 catholicae
1083 1954 1178 1989 atque
1209 1947 1405 1989 apostolieae
1437 1947 1604 1987 ecclesiae,
1640 1952 1816 1988 perpetuae
1847 1946 1932 1977 vitae
1966 1951 2061 1988 atque

424 2001 632 2032 beatitudinis
650 2001 768 2044 gaudia
785 2008 970 2032 mereantur
995 2007 1025 2032 01
1049 2012 1162 2031 vocem
1187 2001 1319 2031 audiant
1347 2000 1506 2030 divinam:
1541 2001 1644 2031 Venite
1668 2000 1822 2031 benedieti
1846 2000 1950 2042 patris
1975 1999 2060 2039 τιτθί’,

425 2062 455 2086 et
480 2061 597 2086 cetera.

533 2186 541 2207 1
572 2181 759 2214 orthodoxum]
780 2183 976 2207 horthodoxum
1000 2183 1039 2207 lzic
1058 2187 1080 2207 et
1099 2182 1169 2214 infra
1189 2182 1218 2206 Γ.
1307 2179 1385 2212 iuter]
1407 2183 1476 2206 intra
1496 2181 1525 2205 P.
1615 2182 1630 2205 6
1650 2182 1763 2206 auderet
1782 2181 1812 2205 P.
1901 2183 1915 2204 9
1935 2180 2009 2205 illum
2029 2181 2059 2206 P.

428 2230 456 2251 11*
477 2229 541 2251 satis
561 2226 618 2258 eta]
637 2228 673 2252 ita
693 2228 722 2254 P,
743 2228 783 2251 sed
802 2236 885 2251 sens-us
907 2227 975 2251 hiare
995 2227 1098 2251 videtur.
1162 2228 1192 2250 13
1212 2224 1266 2258 per]
1287 2228 1314 2250 in
1329 2226 1357 2250 P.
1419 2228 1449 2250 15
1470 2229 1496 2250 et
1514 2226 1579 2250 deest
1598 2225 1628 2250 P.
1686 2227 1717 2250 23
1738 2222 1828 2257 caput]
1848 2226 1931 2250 totius
1949 2226 2008 2250 add.
2028 2225 2059 2250 P.

533 2354 560 2383 1)
592 2352 637 2379 De
667 2353 720 2379 leae
749 2353 872 2380 secunda
905 2352 1006 2380 Felicis
1036 2352 1215 2379 damnatione
1244 2352 1303 2379 alia
1333 2352 1486 2379 testimonia
1516 2361 1572 2379 non
1601 2355 1719 2379 exstant.
1835 2350 1865 2387 2)
1888 2351 1922 2378 A.
1939 2352 2005 2380 794.
2031 2351 2059 2379 in

424 2406 537 2433 concilio
564 2406 819 2439 Francosartensi;
844 2406 882 2439 cs.
908 2415 996 2442 supra
1015 2415 1047 2441 p.
1066 2407 1122 2433 110
1138 2415 1196 2441 sqq.
1273 2404 1302 2438 3)
1328 2405 1419 2432 Huius
1443 2404 1524 2432 libelli
1540 2414 1638 2441 pauca
1655 2404 1826 2442 fragmenta
1850 2408 1961 2432 exstant
1983 2404 2062 2440 apud

423 2459 567 2486 Alczzinum
593 2459 621 2485 ἰη
645 2458 721 2485 libris
745 2459 879 2485 adm-sus
906 2458 1023 2485 Fvlicem
1049 2456 1102 2494 (ed.
1123 2457 1243 2492 Froben,
1268 2458 1380 2485 Alcuini
1402 2467 1466 2494 opp.
1492 2457 1514 2491 Ι,
1532 2459 1590 2486 789
1606 2456 1697 2494 sqq.);
1721 2457 1760 2492 cf.
1785 2457 1897 2485 Alcuz'm'
1919 2457 2057 2494 epistolae,

426 2511 496 2539 MG.
517 2511 592 2548 ΕΜ).
619 2511 671 2544 IV,
698 2512 764 2539 237.
790 2512 856 2539 241.
882 2512 951 2539 2821.
978 2516 1002 2538 et
1027 2510 1168 2544 Greissler,
1194 2510 1374 2548 ‘Ausrottmzy
1399 2511 1445 2538 des
1462 2510 1698 2547 Adoplictrziwzus’
1719 2520 1751 2546 p.
1768 2511 1806 2539 21
1822 2520 1882 2547 sqq.
1908 2506 1946 2545 (v.
1970 2519 2058 2546 supra

421 2576 450 2601 [ι.
473 2566 529 2594 110
553 2575 621 2591 (mn.
644 2566 683 2595 1).

2083 718 2108 736 10

2085 983 2109 1001 15

2085 1319 2111 1337 20

2084 1584 2109 1603 25

2082 1903 2108 1921 30

2079 2230 2105 2249 35

2077 2565 2104 2583 40
