2242 3085
109 697 133 715 ¹0

110 961 132 980 15

106 1228 132 1246 20

105 1494 131 1513 25

106 1765 131 1784 30

106 2032 131 2050 35

105 2345 132 2363 40

106 2567 130 2585 ⁴5

571 109 620 136 39.
659 108 875 136 CONCILIUM
899 107 1227 138 AQUISGRANENSE
1251 108 1287 135 A.
1309 107 1381 134 816.
1736 104 1798 133 373

154 207 309 243 pharisaica
325 208 475 235 ambitione
493 208 667 234 circumdari.
702 206 773 233 Inde
786 204 795 222 ¹
812 207 920 240 pendet
938 205 1124 239 evangelium,
1150 206 1215 232 inde
1238 215 1303 232 crux
1328 210 1357 232 et
1381 205 1531 240 prophete.
1567 205 1671 231 Fidelis
1691 214 1799 231 mecum
1817 210 1932 230 ef.Matth.

153 262 244 288 lector
275 261 428 296 intellegis,
463 262 531 295 quid
563 265 673 287 taceam
708 264 737 286 et
769 260 836 294 quid
867 259 954 293 magis
985 259 1105 285 tacendo
1135 259 1244 293 loquar.
1296 259 1351 285 Tot
1382 262 1412 286 te
1442 259 1559 293 regulae
1590 262 1659 293 quot
1690 259 1799 292 species

154 315 312 349 gloriarum.
361 313 472 344 Quanto
497 314 596 340 melius
627 317 689 340 erat
718 313 788 339 haee
820 321 874 339 non
907 312 934 338 in
965 320 1092 346 corpore,
1123 312 1174 338 sed
1204 313 1232 338 in
1257 313 1340 339 corde
1365 316 1489 347 gestare,
1523 312 1669 338 Dominum
1693 311 1798 338 habere

153 367 301 400 fautorem,
326 376 381 393 non
406 371 538 402 aspectus
561 366 721 393 hominum?
768 364 839 392 Vis?
863 365 943 397 scire,
970 365 1069 400 quales
1094 368 1213 399 quaerat
1237 366 1372 391 Dominus
1397 366 1532 391 ornatus?
1579 365 1694 392 Habeto
1719 366 1799 391 iusti-

153 421 231 453 tiam,
255 421 445 455 prudentiam,
470 420 694 454 temperantiam,
719 419 925 445 fortitudinem.
961 418 1013 444 His
1034 418 1105 444 caeli
1120 418 1211 452 plagis
1236 418 1392 450 includere,
1417 419 1487 445 haec
1512 422 1541 445 te
1568 419 1704 453 quadriga
1720 421 1799 445 velut

153 474 278 509 aurigam
302 473 405 500 Christi
436 474 471 500 ad
502 476 607 500 metam
637 473 777 499 concitum
807 472 891 499 ferat.
940 471 1016 498 Nihil
1046 471 1098 497 hoc
1129 471 1222 497 monili
1253 472 1413 505 pretiosius,
1446 472 1513 498 nihil
1544 472 1595 498 hac
1627 481 1799 507 gemmarum

153 527 309 554 variaetate
341 527 510 553 distinctius.
558 527 599 552 Ex
629 526 702 552 omni
733 529 814 560 parte
843 525 994 557 decor-arm,
1027 525 1147 559 cingeris
1178 528 1266 558 atque
1290 525 1465 559 protegeris3
1499 529 1527 551 et
1559 528 1723 552 ornamento
1748 526 1798 552 tibi

153 584 217 606 sunt
243 584 272 607 et
296 580 455 613 munimini3
480 588 606 614 gemmae
630 582 780 605 vertuntur
803 579 831 604 in
855 582 945 604 scuta.
982 578 1057 604 Cave
1083 586 1207 612 quoque,
1232 586 1267 604 ne
1293 582 1340 604 aut
1365 578 1488 612 linguam
1513 582 1561 604 aut
1586 588 1668 605 aures
1693 579 1799 605 habeas

152 634 323 668 prurientes,
348 634 375 659 id
401 637 443 660 est
468 642 503 659 ne
528 636 576 659 aut
600 633 660 666 ipse
685 632 745 658 aliis
770 632 904 658 detrahas
928 635 976 658 aut
1001 631 1068 658 alios
1093 632 1190 657 audias
1221 631 1418 658 detrahentes.
1467 631 1582 664 Sedens,
1614 632 1716 666 inquit,
1749 633 1799 659 (ch-

153 696 248 714 versus
265 686 394 721 fratrem
418 690 491 713 tuum
516 684 672 721 loquebaris
696 685 869 712 detrahendo
894 689 919 711 et
941 685 1077 712 adversus
1093 684 1186 721 filium
1212 684 1310 711 matris
1334 688 1397 711 tuae
1416 684 1543 720 ponebas
1565 685 1741 718 sccctlclalwu,
1769 686 1800 712 et

153 740 291 766 caetera.
338 737 450 766 Parce3
473 748 490 765 a
513 739 688 765 detractione
720 739 844 773 linguae,
877 738 986 764 custodi
1010 746 1152 764 sermones
1176 741 1239 764 tuos
1265 741 1293 764 et
1318 738 1398 770 scito,
1432 738 1497 772 quia
1520 742 1631 769 cuncta,
1665 748 1738 772 quae
1764 740 1798 765 de

152 793 212 819 aliis
237 793 368 827 loqueris,
394 796 444 819 tua
467 792 610 819 sententia
633 792 764 818 iudicaris
790 795 819 818 et
842 792 870 818 in
894 792 936 817 his
960 792 1020 826 ipse
1046 791 1303 825 deprehendendus
1329 791 1392 824 eris,
1419 800 1492 826 quae
1517 792 1544 817 in
1569 791 1629 817 aliis
1647 792 1796 826 arguebas.

152 847 252 881 Neque
277 855 344 873 vero
367 846 415 872 illa
438 846 512 872 iusta
536 848 579 871 est
604 846 760 871 excusatio:
786 845 979 872 referentibus
1003 845 1063 871 aliis
1087 845 1216 871 iniuriam
1240 844 1334 871 faeere
1360 854 1415 871 nou
1439 854 1560 879 possum.
1598 845 1687 871 Nemo
1712 846 1798 872 invito

152 900 271 926 auditori
295 900 418 926 libenter
441 899 540 925 refert.
590 896 705 925 (lffieiiJ‘
731 908 797 933 ergo
821 899 862 924 tui
887 899 933 931 sit,
965 898 1119 931 karissime,
1152 907 1207 924 non
1238 898 1326 924 solum
1357 898 1452 924 oculos
1477 901 1568 924 castos
1593 907 1716 931 servare,
1749 899 1799 925 sed

153 957 182 980 et
205 954 337 988 linguam.
385 953 543 987 Numquam
568 953 603 979 de
628 953 774 979 mulierum
800 953 893 978 formis
918 952 1046 986 disputes
1070 961 1133 984 nec,
1166 952 1232 986 quid
1256 952 1283 978 in
1316 952 1460 978 cuiusdam
1492 953 1572 978 domo
1604 955 1713 985 agatur,
1746 953 1800 978 alia

151 1008 248 1034 domus
271 1016 324 1041 per
346 1010 376 1033 te
401 1007 521 1033 noverit.
560 1004 711 1032 Omninm⁵
728 1005 947 1032 Clu-istianorum
972 1006 1066 1031 domos
1091 1006 1170 1040 quasi
1187 1006 1312 1040 proprias
1333 1014 1404 1031 ama.
1441 1005 1562 1031 Facilius
1574 1003 1585 1019 *ἶ
1610 1006 1800 1032 contemnitur

151 1061 279 1093 clericus,
313 1061 359 1094 qui
390 1069 476 1094 saepe
508 1064 624 1086 vocatur
647 1060 682 1086 ad
706 1060 853 1094 prandium
878 1063 907 1085 et
931 1068 986 1085 non
1010 1063 1133 1085 recusat.
1180 1059 1339 1093 Numquam
1363 1062 1508 1093 petentes,
1541 1068 1602 1085 raro
1631 1060 1799 1093 accipiamus

150 1114 250 1149 rogati.
298 1113 415 1140 Beatius
439 1117 479 1139 est
501 1112 589 1149 magis
613 1113 684 1139 darc
707 1122 789 1149 quam
814 1112 951 1149 accipere.
996 1112 1098 1139 Nescio
1123 1121 1177 1146 quo
1203 1113 1275 1138 enim
1299 1113 1379 1138 modo
1406 1113 1489 1139 etiam
1514 1112 1586 1146 ipse,
1620 1113 1667 1146 qui
1692 1113 1795 1147 ‹lepre-

151 1171 240 1199 catur,
264 1170 296 1193 ut
319 1167 435 1199 tribuat,
469 1176 531 1193 cuni
561 1167 715 1200 acceperis,
748 1166 872 1193 viliorem
902 1170 931 1192 te
957 1166 1071 1192 iudicat.
1120 1166 1156 1191 Et
1180 1166 1277 1191 mirum
1302 1166 1329 1191 in
1353 1166 1474 1198 modum,
1506 1166 1528 1191 si
1561 1175 1623 1192 eum
1652 1170 1799 1201 rogantem

150 1220 363 1255 contempseriS,
404 1220 458 1246 )lus
482 1223 512 1246 te
536 1220 629 1254 potius
654 1223 815 1246 veneratur.
863 1217 1084 1246 Procuratores?
1108 1223 1195 1253 atque
1228 1219 1439 1253 dispensatores
1470 1219 1611 1245 domorum
1642 1219 1797 1246 alienarum

150 1278 237 1308 atque
262 1273 388 1299 villarum
413 1274 550 1308 quomodo
576 1282 637 1299 esse
662 1276 779 1307 possunt
797 1273 900 1305 clerici,
927 1261 973 1307 (11ιὶ
991 1273 1116 1307 proprias
1133 1273 1267 1299 iubentur
1283 1276 1464 1299 contemnere
1482 1273 1656 1299 facultates?
1696 1273 1796 1299 Amico

149 1336 249 1362 rapere
275 1327 417 1362 quippiam
441 1327 546 1352 furtum
571 1331 630 1360 est3
657 1327 803 1353 ecclesiam
828 1326 958 1352 fraudare
977 1325 1154 1360 saerilegium
1172 1330 1224 1352 est.
1261 1326 1416 1360 Accepisse
1433 1326 1605 1360 pauperibus
1624 1328 1795 1361 erogandum

152 1385 180 1407 et
205 1380 394 1407 esurientibus
418 1380 542 1414 plurimis
573 1380 618 1406 vel
650 1383 762 1406 cautum
795 1389 856 1406 esse
881 1380 956 1406 velle
988 1379 1033 1405 vel
1058 1380 1185 1405 timidum
1209 1384 1267 1411 aut,
1300 1380 1374 1414 quod
1406 1380 1574 1414 apertissimi
1604 1380 1719 1406 sceleris
1745 1384 1797 1412 est,

151 1434 251 1461 exinde
276 1434 382 1468 aliquid
406 1433 572 1460 subtrahere
597 1434 717 1460 omnium
741 1434 913 1467 praedonum
938 1433 1137 1459 crudelitatem
1161 1436 1286 1467 superat.
1323 1433 1406 1460 Alter
1430 1433 1502 1459 fame.
1529 1437 1686 1467 torquetur,
1714 1438 1742 1460 et
1767 1438 1798 1460 tu

150 1488 265 1520 iudicas,
292 1474 422 1521 quoniam
446 1488 554 1513 ventris
579 1487 639 1513 eius
663 1487 730 1512 satis
755 1487 800 1512 sit.
850 1487 907 1513 Aut
939 1487 1032 1512 divide
1064 1487 1158 1512 statim
1183 1487 1258 1520 quod
1283 1487 1384 1521 accipis
1409 1490 1467 1519 aut,
1496 1487 1518 1512 si
1542 1487 1654 1512 timidus
1680 1488 1794 1521 dispen-

150 1545 226 1567 sator
251 1550 290 1573 cs,
316 1541 425 1567 dimitte
451 1541 585 1575 largitori,
611 1544 641 1566 ut
666 1549 717 1566 sua
740 1540 799 1575 ipsc
825 1540 983 1566 distribuat.
1020 1539 1101 1571 Nolo,
1126 1540 1177 1565 sub
1202 1540 1347 1566 occasione
1373 1550 1444 1573 mea,
1470 1540 1597 1566 sacculus
1615 1544 1679 1566 tuus
1696 1540 1797 1575 plenus

150 1595 196 1621 sit.
236 1595 324 1621 Nemo
349 1603 413 1620 mea
435 1594 533 1620 melius
556 1603 601 1620 me
626 1602 738 1620 servare
763 1597 869 1628 potest.
905 1593 969 1627 Ipse
996 1597 1037 1619 est
1063 1594 1183 1628 optimus
1208 1594 1394 1627 dispensator,
1420 1594 1467 1628 qui
1491 1593 1558 1619 nihil
1583 1594 1635 1619 sibi
1660 1598 1796 1620 reservat.

151 1648 277 1683 Coegisti
301 1657 356 1680 me,
388 1648 547 1682 Nepotiane
576 1647 730 1680 karissime,
762 1647 831 1673 talia
854 1647 1002 1673 scribendo
1026 1647 1146 1673 omnium
1177 1655 1220 1672 me
1244 1646 1346 1681 linguis
1370 1647 1502 1681 prodere.
1550 1647 1607 1673 Aut
1634 1647 1706 1673 enim
1731 1647 1798 1673 nihil

151 1702 327 1727 scribendum
351 1701 415 1733 fuit,
440 1710 475 1727 ne
501 1701 641 1727 hominum
665 1701 795 1727 iudicium
820 1701 986 1732 subiremus,
1013 1701 1086 1734 quod
1110 1704 1142 1726 tu
1165 1700 1259 1726 facere
1285 1700 1407 1733 voluisti,
1432 1704 1480 1726 aut
1505 1701 1630 1727 scribens
1647 1710 1729 1727 nosse
1747 1702 1796 1727 ad-

150 1764 259 1781 versum
283 1764 333 1781 nos
357 1759 518 1781 cunctorum
542 1754 739 1781 maledicorum
764 1754 822 1780 tela
847 1763 908 1780 esse
933 1754 1102 1788 torquenda.
1140 1753 1217 1784 Quos
1233 1754 1360 1786 obsecro⁷
1384 1758 1415 1780 ut
1441 1754 1588 1788 quiescant
1614 1758 1641 1781 et
1667 1755 1797 1781 desinant

150 1809 330 1835 maledicere.
379 1808 440 1835 Nou
466 1808 538 1835 enim
562 1812 592 1833 ut
617 1808 793 1840 adversariis,
824 1808 874 1834 sed
906 1812 936 1833 ut
966 1807 1059 1833 amicis
1091 1807 1249 1841 scripsimus
1273 1816 1325 1834 nec
1350 1808 1455 1833 invecti
1485 1817 1578 1833 sumus
1602 1808 1628 1833 in
1660 1817 1716 1837 [¹05.
1750 1809 1796 1842 qui

149 1866 279 1897 peccant,
304 1863 365 1893 sed,
391 1870 426 1888 ne
451 1866 583 1896 peccent,
614 1870 757 1888 monemus
788 1870 882 1895 neque
913 1861 940 1887 in
971 1861 1025 1886 illis
1056 1864 1175 1893 tantum⁷
1208 1861 1259 1887 sed
1291 1864 1319 1887 et
1348 1861 1376 1887 in
1400 1870 1449 1887 nos
1474 1862 1547 1895 ipsos
1572 1862 1662 1887 severi
1688 1862 1794 1887 iudices

149 1916 250 1942 fuimus
274 1915 458 1949 volentesque
491 1915 628 1941 festucam
661 1915 695 1941 de
727 1915 807 1941 oculo
839 1915 954 1941 alterius
983 1914 1083 1941 tollere
1108 1918 1231 1940 nostram
1256 1915 1331 1949 prius
1356 1915 1465 1941 trabem
1490 1915 1632 1941 eiciamus.
1682 1915 1794 1941 Nullum

150 1969 234 2001 laesiq
266 1969 368 1995 nullius
399 1978 499 1995 nomen
531 1969 566 1995 de
597 1977 660 1995 mea
690 1968 829 2002 scriptura
852 1969 1030 2002 designatum
1056 1971 1108 1993 cst.
1157 1968 1304 1994 Neminem
1328 1968 1491 2002 specialiter
1515 1978 1592 1995 meus
1617 1978 1707 1995 sermo
1732 1969 1795 2003 pul-

149 2023 238 2055 savit3
263 2022 404 2057 generalis
435 2023 470 2048 de
503 2022 576 2047 vitiis
609 2022 761 2056 disputatio
795 2024 848 2048 est.
896 2020 952 2047 Sed
978 2022 1025 2055 qui
1049 2021 1112 2047 mihi
1139 2021 1219 2047 irasci
1244 2021 1363 2047 voluerit
1396 2022 1471 2055 prius
1496 2022 1555 2055 ipse
1582 2022 1616 2047 de
1647 2031 1687 2052 se,
1720 2022 1794 2056 quod

150 2076 213 2102 talis
238 2080 292 2108 est,
317 2075 508 2102 confitebitur.

256 2206 372 2230 XCIIII.
404 2207 415 2230 1
439 2203 512 2237 crux]
531 2206 567 2230 ita
586 2206 664 2235 codd,
687 2205 727 2230 lex
751 2206 819 2237 I'ulgy.
878 2206 892 2230 2
914 2203 1034 2237 regulae]
1057 2205 1166 2230 reculae
1186 2205 1222 2229 ill.
1279 2203 1353 2237 quot]
1374 2206 1444 2237 quod
1464 2205 1495 2229 L.
1516 2206 1547 2230 B.
1604 2208 1618 2230 3
1639 2204 1794 2238 gloriarum]

151 2254 308 2283 pereurrant
326 2250 385 2275 add.
406 2251 478 2275 Hier.
542 2247 698 2281 Dominum]
718 2251 806 2274 Deum
826 2250 856 2273 L.
925 2251 939 2273 4
960 2247 1102 2280 fautorem]
1124 2250 1254 2274 factorem
1274 2250 1304 2273 L.
1325 2249 1360 2273 ΙΙΙ.
1435 2251 1449 2274 6
1471 2251 1566 2282 auriga
1586 2250 1616 2279 L,
1638 2251 1741 2274 auriam
1762 2251 1794 2275 B.

150 2299 221 2320 meta
240 2295 272 2319 R.
291 2295 323 2319 L.
342 2295 374 2319 Β.
430 2295 511 2319 nichil
532 2295 581 2319 hac
603 2295 638 2319 ill.
701 2295 714 2319 7
735 2295 902 2319 distriuctius
923 2294 955 2318 B.
1018 2297 1204 2318 ornamentum
1224 2294 1256 2323 B,
1278 2297 1435 2319 ornamenta
1455 2294 1490 2318 JI.
1554 2296 1569 2319 8
1590 2296 1738 2319 munimina
1758 2295 1794 2319 JI.

150 2341 165 2364 9
186 2337 345 2371 prurientes]
366 2340 501 2371 purientes
521 2339 553 2363 B.
609 2340 716 2363 detraas
730 2339 758 2363 L.
818 2340 848 2363 10
868 2339 1011 2363 adversum
1025 2338 1109 2362 filium
1130 2331 1161 2362 R.
1220 2339 1250 2363 12
1264 2340 1291 2362 in
1306 2336 1356 2370 his]
1369 2340 1409 2363 his
1426 2339 1456 2363 Β.
1514 2340 1563 2363 erit
1577 2339 1608 2363 Β.
1668 2341 1699 2363 14
1715 2341 1795 2364 caris-

150 2385 215 2409 sime
235 2384 267 2408 B.
287 2383 318 2407 L.
385 2385 415 2408 16
436 2384 633 2415 contempnitur
652 2384 684 2407 B.
749 2384 778 2408 17
800 2380 932 2415 petentes]
955 2386 1000 2406 unt
1023 2382 1078 2414 (pro
1097 2384 1177 2412 aut?)
1199 2383 1259 2407 adel.
1280 2383 1311 2407 B.
1376 2385 1407 2407 18
1428 2384 1473 2415 qui
1493 2382 1664 2416 deprecatur]
1687 2385 1792 2415 quidem

150 2431 277 2461 peccator
296 2428 328 2452 Ia’.
414 2429 444 2451 21
467 2418 655 2459 contempnere
675 2428 708 2452 B.
786 2417 826 2452 '23
847 2425 980 2458 timidum]
1000 2427 1147 2451 timendum
1166 2426 1198 2451 L.
1290 2429 1322 2452 25
1343 2429 1430 2452 ventri
1450 2437 1461 2451 c
1480 2437 1543 2452 corr.
1563 2428 1599 2452 ῘΙΙ.
1685 2427 1795 2460 accipis]

149 2473 288 2505 acceperis
310 2472 339 2496 Β.
431 2473 463 2496 26
484 2472 621 2496 saccultus
642 2472 673 2502 B,
703 2472 811 2496 saeuius
832 2471 867 2496 M.
959 2473 990 2496 27
1013 2472 1189 2503 despensator
1208 2472 1240 2496 Β.
1332 2470 1409 2503 nihil]
1436 2472 1473 2496 nil
1496 2473 1531 2497 M.
1622 2474 1655 2497 28
1676 2474 1793 2497 omnium

150 2515 202 2549 me]
224 2526 264 2541 me
285 2517 402 2541 omnium
423 2516 454 2540 B.
514 2517 547 2540 29
567 2517 710 2542 scribendo
731 2516 762 2540 Β.
818 2513 949 2547 scribens]
970 2517 1118 2540 scribentes
1137 2524 1149 2540 e
1166 2525 1229 2540 corr.
1251 2517 1286 2541 JI.
1349 2518 1382 2541 30
1401 2515 1464 2547 tela]
1485 2517 1538 2541 talc
1560 2518 1589 2541 L.
1611 2518 1642 2542 B.
1706 2516 1791 2548 Quos]

151 2562 230 2592 Quod
251 2561 283 2586 B.
356 2562 386 2585 31
409 2558 518 2592 invecti]
539 2562 640 2586 inventi
660 2561 692 2588 li,
711 2560 742 2585 L.
764 2561 794 2584 B.
868 2569 986 2585 summus
1007 2560 1038 2585 B.
1112 2562 1145 2585 32
1165 2560 1227 2585 illos
1247 2561 1285 2585 JI.
1358 2562 1390 2585 35
1411 2562 1465 2586 Sed
1484 2562 1549 2586 deest
1568 2562 1600 2586 B.

258 2678 287 2712 1)
313 2678 374 2712 Ib.;
398 2679 415 2705 l.
434 2679 451 2705 l.
477 2677 500 2711 I,
524 2679 594 2712 ¹265,
619 2677 668 2705 ubi.
685 2681 777 2706 autem
799 2678 951 2705 sentcntiae
975 2679 1057 2706 aliter
1080 2688 1109 2706 sc
1126 2683 1294 2715 sequuntur.
1407 2678 1437 2712 2)
1463 2679 1525 2713 Ib.‚·
1550 2681 1566 2706 l.
1585 2681 1602 2707 l.
1629 2679 1652 2709 Iv
1678 2680 1736 2707 :365
1751 2689 1792 2715 sq.

152 2732 181 2767 3)
206 2732 270 2766 Ib.;
294 2733 311 2759 l.
329 2733 346 2759 l.
372 2732 395 2765 I,
419 2733 489 2760 266.
575 2730 604 2763 4)
630 2730 692 2765 Ib;;
716 2732 733 2758 l.
752 2732 771 2758 l:
794 2731 818 2765 I,
842 2734 912 2760 266.
995 2732 1024 2765 5)
1051 2731 1113 2765 Ib.;
1137 2732 1154 2759 l.
1173 2732 1190 2759 l.
1216 2731 1239 2765 J,
1263 2734 1335 2761 5266.
1419 2733 1448 2759 6)
1475 2733 1539 2765 Ι().,’
1564 2734 1582 2759 Ι.
1600 2734 1617 2760 l.
1636 2733 1659 2765 Ι,
1678 2734 1791 2768 2611'sq.

152 2786 180 2814 7)
206 2785 269 2819 Ib.;
294 2786 311 2813 l.
329 2786 346 2813 l.
373 2785 395 2819 I,
419 2786 489 2813 267.

1839 236 1872 260 22,
1881 237 1915 256 40.

1820 582 1846 601 cf.
1856 582 1875 601 2.
1886 582 1942 601 Tim.

1854 610 1866 627 4
1883 609 1902 629 3.

1820 640 1855 659 ΡΞ.
1864 623 1897 665 io,
1906 641 1938 661 20.

1820 1119 1868 1140 Aet.
1877 1119 1910 1143 20,
1919 1120 1953 1140 35.

1817 1911 1843 1929 cf.
1855 1910 1933 1932 Matth.

1826 1937 1844 1960 7,
1854 1937 1919 1960 asqq.
