2242 3085
266 240 293 258 ri.
304 238 405 259 Acran.

256 609 402 632 l‘s.115‚s,a

246 715 404 737 ι·1,].Τ1111,3,8.

282 769 331 787 Lev.
343 769 374 791 10,
385 769 403 788 9.

288 981 314 999 cf.
324 981 402 1000 Manli.

312 1009 342 1029 ll,
354 1007 385 1026 19.

282 1034 308 1052 cs.
320 1035 337 1052 1.
347 1034 402 1052 Tim.

315 1061 334 1083 5,
344 1060 375 1079 23.

286 1728 333 1748 Gal.
342 1729 360 1751 1,
372 1728 402 1749 10,

423 131 486 161 372
841 134 891 160 39.
928 133 1144 162 CONCILIUM
1168 132 1493 165 AQUISGRANENSE
1518 133 1554 159 A.
1575 131 1649 159 816.

424 233 497 266 quod
515 232 617 259 Petrus
633 241 663 258 sc
686 241 740 258 non
764 232 868 258 habere
894 232 1037 258 testatur?
1072 229 1228 259 convivial
1252 232 1303 258 tibi
1328 230 1499 257 detestanda
1522 233 1587 256 sunt
1607 230 1800 262 saccularium,
1824 230 1940 257 maxime
1956 230 2063 262 horum,

425 286 470 319 qui
495 285 645 311 honoribus
670 288 788 311 tument.
829 285 925 319 Turpe
951 288 994 311 ost
1019 289 1085 311 aute
1110 285 1185 311 fores
1209 285 1319 311 Domini
1344 284 1497 310 sacerdotis
1522 282 1643 309 crucifixi
1668 287 1698 309 et
1721 283 1853 318 pauperis
1879 287 1908 309 et
1932 284 1978 318 qui
2003 284 2063 310 cibo

425 347 536 372 quoquc
567 339 737 365 vescebatur
765 338 856 364 alieno
887 338 1000 364 lictores
1029 338 1172 364 consulum
1204 342 1232 364 et
1264 337 1366 364 milites
1392 337 1546 369 excubare3
1579 336 1755 370 iudicemque
1785 337 1941 371 provintiae
1966 337 2064 363 melius

424 392 464 417 vis
488 392 562 426 apud
586 395 615 418 te
640 391 780 426 prandere.
806 400 887 425 quam
911 391 938 417 in
962 391 1089 425 palatio?
1125 391 1230 422 Quodsi
1252 391 1415 417 obtenderis
1439 390 1533 416 facere
1558 394 1587 416 te
1612 390 1693 423 haec,
1722 393 1754 416 ut
1777 398 1859 424 roges
1883 399 1934 424 pro
1957 391 2063 416 miseris

424 450 510 478 atque
535 444 680 476 subiectis,
711 444 796 471 iudex
827 444 914 470 set-uli
945 445 1008 479 plus
1039 444 1151 471 deforet
1184 445 1285 471 clerico
1317 444 1471 469 continenti
1504 452 1586 477 quam
1615 443 1694 469 diviti
1719 446 1749 470 et
1773 443 1860 478 magis
1883 443 2062 469 sanctitatem

424 502 500 524 tuam
523 501 676 523 veneratur
700 506 782 531 quam
806 506 885 532 opes.
933 498 992 524 Aut
1015 498 1037 523 si
1062 498 1126 524 talis
1151 501 1204 529 est,
1238 498 1284 532 qui
1316 506 1369 523 non
1395 497 1491 522 audiat
1515 496 1630 522 clericos
1655 496 1707 522 nisi
1731 497 1806 522 inter
1828 495 1917 528 fialas,
1941 496 2065 523 libenter

424 551 524 577 carebo
548 551 738 576 huiuscemodi
763 550 901 577 beneficio
927 555 955 577 et
981 550 1121 577 Christum
1146 551 1250 585 rogabo
1274 560 1323 584 pro
1348 550 1450 582 iudice,
1485 550 1531 583 qui
1561 549 1648 584 magis
1676 552 1771 584 potest
1797 549 1878 575 eitius
1903 549 2062 576 subvenire.

425 603 526 630 Melius
551 608 590 630 est
612 603 682 630 enim
707 603 847 640 confidere
870 603 898 630 in
923 603 1044 630 Domino
1068 613 1150 640 quam
1176 603 1316 640 confidere
1339 602 1367 629 in
1392 602 1508 629 homine.
1558 602 1659 629 Melius
1689 605 1729 629 est
1749 611 1867 638 sperare
1890 601 1917 629 in
1944 602 2064 629 Domina

424 666 506 692 qaam
532 666 651 693 sperare
675 656 701 683 ῖη
724 656 907 692 principibus.
955 657 1112 691 Numquam
1137 657 1230 683 vinum
1253 656 1393 689 redoleas,
1425 665 1459 682 11(-
1485 655 1582 682 audias
1605 655 1675 681 illud
1699 655 1871 690 philosophi:
1904 654 1987 682 Hoc*2
2010 664 2064 681 non

424 714 466 736 est
491 710 615 736 osculum
638 710 793 744 porrigere,
818 710 867 736 sed
892 710 1051 744 propinare.
1099 709 1265 736 Vinolentos
1296 709 1458 735 sacerdotes
1487 712 1516 735 et
1541 708 1683 743 apostolus
1708 709 1832 740 damnat,
1861 712 1890 735 et
1913 712 1996 735 vetus
2019 708 2063 735 lex

423 763 569 797 prohibet:
598 762 655 793 Qui
677 762 781 789 altario
804 762 928 789 serviunt
950 762 1041 789 υίηῑιηι
1068 766 1093 789 et
1114 762 1232 789 siceram
1256 771 1312 789 mm
1336 761 1437 789 bibant.
1473 761 1569 788 Sicera
1588 762 1703 788 Hebreo
1727 771 1854 788 sermone
1879 762 1964 788 onmis
1988 762 2063 796 potio

422 820 611 850 nuncupatur,
638 825 709 850 quae
734 816 873 842 inebriari¹
898 820 1003 850 potest,
1030 816 1087 841 sivc
1113 816 1169 847 illa,
1195 824 1266 849 quac
1292 815 1430 841 fermento
1455 815 1611 845 conficitur,
1642 815 1699 841 sive
1724 824 1865 849 pomorum
1896 824 1972 847 suco,
2003 820 2062 847 aut,

423 870 478 896 fari
503 870 699 903 decoquuntur
722 869 749 895 in
775 869 884 895 dulcem
911 873 938 895 et
963 869 1109 895 barbaram
1133 869 1276 903 potionem
1297 872 1345 894 aut
1361 868 1516 903 palmarum
1532 868 1640 894 fructus
1657 868 1859 902 exprimuntur,
1884 868 1911 894 in
1928 868 2063 902 liquorem

423 923 566 957 coctisque
598 923 725 955 frugibus
756 931 828 956 aqua
859 922 988 956 pinguior
1019 922 1168 947 coloratur.
1217 920 1356 955 Quicquid
1387 921 1510 947 inebriat
1542 925 1571 947 ct
1600 925 1705 947 statum
1734 922 1835 948 mentis
1867 921 1968 948 evertit
1995 921 2062 956 fuge

424 976 550 1002 similiter
573 979 604 1001 ut
627 976 731 1001 vinum.
780 975 838 1001 Nec
864 975 914 1001 hoc
939 975 1011 1007 dico,
1038 975 1111 1008 quod
1136 975 1191 1001 Dei
1215 979 1345 1000 creatura
1368 983 1385 1001 a
1407 975 1487 1000 nobis
1518 975 1676 1007 damnetur,
1709 975 1847 1009 siquidem
1876 978 1904 1001 et
1929 975 2063 1001 Dominus

424 1029 478 1054 riui
510 1033 622 1063 potator
653 1032 695 1054 est
727 1028 888 1062 appellatus
921 1032 949 1053 et
974 1028 1122 1053 Timotheo
1153 1027 1261 1053 dolenti
1293 1027 1464 1053 stomachum
1494 1028 1603 1054 modica
1632 1028 1689 1053 vini
1719 1028 1833 1054 sorbitio
1862 1028 1985 1054 relaxata
2010 1034 2063 1055 est.

425 1082 480 1107 Sed
505 1082 614 1107 modum
639 1082 741 1107 aetatis
767 1085 795 1107 ot
820 1081 982 1107 valitudinis
1003 1090 1053 1115 pro
1070 1090 1214 1115 corporum
1232 1081 1369 1115 qualitate
1389 1081 1522 1115 exigimus
1539 1081 1566 1107 in
1582 1081 1717 1115 potando.
1754 1080 1860 1112 Quodsi
1877 1081 1984 1116 absque
2002 1082 2064 1108 vino

424 1136 509 1161 ardeo
535 1139 561 1161 et
587 1135 774 1161 adolescentis
798 1134 951 1160 inflammor
982 1137 1073 1160 calore
1106 1138 1134 1160 ct
1166 1138 1284 1160 tenuato
1315 1134 1461 1169 sanguine,
1493 1135 1641 1160 suculento
1669 1135 1819 1169 validoque
1850 1144 1909 1160 sum
1938 1144 2063 1170 corpore.

424 1189 546 1214 libenter
570 1188 672 1214 carebo
695 1188 834 1222 poculum,
867 1188 894 1213 111
927 1196 982 1222 quo
1007 1188 1124 1222 suspitio
1148 1188 1250 1213 veneni
1276 1191 1329 1214 est.
1376 1187 1495 1214 Pulchre
1521 1188 1624 1213 dicitur
1647 1189 1722 1222 apud
1747 1188 1863 1220 Grecos,
1896 1188 1946 1214 sed
1970 1189 2064 1215 nescio

423 1246 515 1267 utrum
546 1242 620 1275 apud
650 1250 700 1267 nos
731 1250 821 1275 aeque
853 1245 983 1267 resonet:
1021 1241 1135 1275 Pinguis
1146 1238 1158 1255 3
1188 1244 1289 1266 venter
1319 1249 1374 1267 non
1405 1241 1496 1275 gignit
1531 1249 1642 1266 sensum
1678 1245 1802 1267 tenuem.
1856 1241 1979 1267 Tantum
2013 1242 2089 1268 tibi-

424 1295 588 1321 ieiuniorum
618 1295 732 1329 inpone,
765 1298 899 1328 quantuni
930 1294 1004 1320 forre
1036 1298 1127 1328 potes.
1177 1293 1237 1320 Sint
1261 1294 1312 1320 tibi
1337 1294 1441 1320 ieiunia
1464 1303 1543 1328 pura,
1576 1298 1663 1326 casta,
1696 1294 1842 1328 simplicia,
1866 1295 2011 1321 moderata
2036 1299 2064 1321 et

422 1357 477 1374 non
500 1348 705 1382 superstitiosa.
754 1348 827 1378 Quid
858 1348 975 1381 prodest
1005 1347 1067 1373 oleo
1096 1356 1151 1373 non
1183 1347 1258 1373 vesci
1291 1351 1319 1373 et
1350 1347 1492 1374 molestias
1517 1347 1650 1381 quasdam
1675 1346 1917 1381 difficultatesque
1942 1348 2064 1374 ciborum

423 1410 552 1435 querere,
579 1401 696 1435 carigaS,
720 1401 811 1435 piper,
837 1410 934 1433 nuces,
963 1401 1116 1435 palmarum
1141 1400 1260 1432 fructus,
1285 1400 1411 1431 similam,
1435 1400 1501 1432 mel,
1526 1401 1663 1434 pistatia?
1709 1401 1765 1427 'rot
1789 1401 1930 1426 hortorum
1955 1401 2065 1427 cultura

423 1460 550 1486 vexatur,
582 1458 612 1480 ut
644 1454 747 1480 cibario
777 1462 831 1479 non
863 1462 1009 1480 vescamur
1039 1463 1123 1488 pane.
1171 1453 1263 1479 Audio
1288 1458 1439 1488 praeterea
1464 1454 1598 1488 quosdam
1631 1458 1727 1480 contra
1749 1462 1842 1479 rerum
1866 1454 2063 1488 hominumque

422 1513 550 1534 naturam
585 1517 687 1542 aquam
721 1516 775 1533 non
810 1507 908 1533 bibere
945 1516 996 1533 ne(-
1031 1507 1107 1533 vesci
1142 1516 1226 1541 pane,
1263 1507 1313 1533 sed
1349 1507 1566 1533 sorbiciunculas
1602 1507 1738 1533 delicatas
1774 1510 1802 1533 et
1834 1507 1954 1533 contrita
1988 1510 2065 1534 olera

422 1562 609 1595 betarumque
633 1570 728 1587 sucum
753 1570 808 1586 non
832 1560 919 1586 calice
944 1561 1070 1592 sorbere,
1096 1561 1146 1586 scd
1171 1569 1267 1586 conca.
1303 1560 1496 1586 Fortissimum
1514 1560 1645 1586 ieiunium
1663 1564 1706 1586 est
1730 1569 1804 1594 aqua
1829 1565 1856 1586 ct
1880 1561 1970 1595 panis.
2008 1560 2064 1587 Sed

423 1615 487 1648 quia
511 1615 625 1648 gloriani
649 1623 704 1640 11011
728 1614 815 1640 habet
841 1618 868 1639 et
893 1622 988 1640 omncs
1013 1623 1085 1648 pauc.
1112 1618 1140 1639 et
1165 1622 1239 1647 aqua
1262 1614 1388 1645 vivimus,
1420 1613 1499 1647 quasi
1529 1614 1671 1647 publicum
1703 1617 1731 1639 et
1763 1622 1907 1640 commune
1931 1614 2064 1640 ieiunium

422 1677 475 1693 non
507 1671 633 1702 putatur.
681 1667 767 1699 Cave,
799 1676 835 1693 nc
866 1667 1006 1693 hominum
1038 1667 1210 1693 rumusculos
1242 1667 1399 1701 aucuperis,
1431 1676 1466 1692 110
1498 1667 1525 1692 111
1555 1667 1662 1693 offensa
1685 1667 1740 1693 Dei
1764 1667 1929 1701 populorum
1953 1667 2064 1693 laudem

423 1725 585 1746 commutes.
635 1720 667 1747 δι’
689 1720 790 1753 adhuc,
822 1721 913 1754 inquit
944 1720 1096 1754 apostolus,
1130 1719 1282 1747 hominibus
1300 1721 1454 1756 placerem,
1488 1718 1593 1747 Christi
1614 1729 1710 1747 servus
1732 1729 1789 1747 non
1813 1729 1906 1747 essem.
1953 1720 2063 1746 Desivit

422 1776 534 1808 placere
566 1774 722 1799 hominibus
754 1777 782 1799 ct
814 1783 910 1799 servus
942 1773 1033 1799 factus
1066 1778 1108 1799 est
1134 1773 1246 1799 Christi.
1294 1773 1349 1799 Per
1378 1773 1480 1799 bonam
1512 1777 1541 1799 et
1572 1775 1671 1799 malam
1700 1773 1800 1799 famam
1825 1782 1841 1799 a
1865 1773 1971 1799 dextris
1996 1777 2023 1800 ct
2049 1783 2065 1799 a

422 1827 540 1853 sinistris
558 1826 661 1852 Christi
686 1826 764 1852 miles
788 1827 914 1861 graditur
938 1836 989 1853 1100
1014 1827 1097 1853 laude
1124 1827 1267 1853 extollitur
1290 1835 1343 1853 nee
1367 1827 1575 1861 vituperatione
1600 1826 1748 1861 frangitur,
1772 1835 1826 1852 11011
1844 1827 1947 1852 divitiis
1963 1830 2063 1853 tumet.

421 1890 475 1907 11011
507 1880 682 1906 contrahitur
712 1884 882 1913 paupertate
916 1884 943 1905 ct
975 1882 1051 1905 laeta
1081 1880 1236 1905 contemnit
1268 1884 1297 1906 et
1327 1880 1435 1912 tristia,
1467 1889 1520 1914 per
1550 1880 1624 1905 diem
1655 1882 1695 1905 sol
1725 1888 1779 1905 non
1804 1880 1858 1905 urit
1883 1888 1945 1906 eum
1970 1888 2062 1914 neque

421 1936 486 1959 luna
508 1942 560 1967 per
584 1936 706 1959 noctcm.
754 1933 824 1959 Nolo
856 1937 885 1959 te
918 1942 997 1959 orare
1022 1933 1048 1958 in
1073 1933 1182 1967 angulis
1206 1933 1373 1967 platearum,
1407 1942 1442 1959 ne
1471 1937 1578 1959 rectum
1602 1933 1657 1959 iter
1680 1941 1794 1967 precum
1819 1937 1927 1958 tuarum
1951 1932 2062 1967 frangat

421 1996 487 2013 aura
511 1986 663 2021 popularis.
707 1986 777 2012 Nolo
801 1991 830 2012 te
857 1986 975 2012 dilatare
1000 1986 1122 2012 fimbrias
1148 1990 1176 2012 ct
1200 1987 1324 2012 ostentui
1349 1986 1453 2012 habere.
1478 1985 1616 2012 filacteria
1640 1989 1668 2012 et
1693 1985 1862 2012 conscicntia
1885 1990 2061 2020 repugnante

527 2108 630 2132 XCIII.
660 2110 674 2132 2
694 2116 826 2140 pauperes
847 2108 879 2132 B.
936 2109 950 2132 3
971 2107 1111 2132 consolum
1133 2107 1164 2131 B.
1221 2109 1236 2131 4
1256 2106 1397 2139 prandere]
1412 2108 1529 2138 pandere
1550 2107 1586 2131 M.
1642 2108 1657 2130 5
1677 2108 1849 2131 sanctitatem
1862 2120 1896 2122 —
1910 2105 2061 2138 veneratur]

420 2157 564 2177 veneratur
584 2156 656 2176 tuam
677 2153 848 2176 sanctitatem
869 2152 904 2176 111.
979 2154 993 2176 6
1014 2152 1127 2176 audiunt
1146 2152 1178 2176 B.
1252 2152 1266 2176 7
1287 2149 1395 2182 carebo]
1417 2151 1511 2177 calebo
1532 2151 1564 2175 B.
1632 2152 1646 2175 8
1667 2159 1746 2183 quam
1768 2151 1895 2175 confitere
1915 2151 1946 2175 L.
2017 2152 2062 2175 ho-

420 2198 516 2220 minem
539 2197 568 2221 11.
625 2196 640 2221 9
661 2197 762 2221 audeas
783 2197 814 2220 B.
870 2196 1032 2228 phylosophi
1047 2196 1077 2225 L,
1098 2196 1267 2228 phylosophy
1287 2196 1319 2219 B.
1377 2197 1408 2220 10
1428 2197 1475 2220 Sed
1489 2193 1641 2227 propinare]
1661 2196 1708 2220 sed
1723 2196 1813 2220 vinum
1827 2196 1969 2227 propinare
1990 2196 2062 2220 IIIer.

421 2241 546 2272 dampnat
566 2242 598 2265 B.
662 2240 702 2265 lex
721 2241 786 2265 deest
805 2239 836 2265 Β.
901 2242 929 2264 11
951 2242 1059 2265 siciram
1080 2241 1111 2264 B.
1174 2241 1266 2264 bibent
1286 2240 1317 2264 R.
1338 2240 1374 2264 ῘΙΙ.
1432 2241 1463 2264 12
1484 2237 1563 2271 qnae]
1583 2247 1635 2272 qua
1654 2240 1723 2264 codd.
1779 2240 1907 2264 inebriari
1928 2240 1959 2264 I?-
1978 2239 2009 2264 L.
2030 2240 2061 2263 B.

421 2290 466 2310 aut
486 2284 550 2316 favi]
571 2286 606 2309 [ia
625 2286 711 2313 codd:
730 2289 777 2310 aut
797 2294 857 2309 011111
878 2286 931 2309 favi
952 2285 1024 2309 Iiier.
1109 2286 1140 2309 13
1168 2281 1366 2316 decoquuntur]
1394 2285 1521 2315 quicquid
1547 2285 1663 2308 inebriat
1687 2284 1746 2308 add.
1766 2284 1798 2311 B.
1881 2283 1959 2308 dulce
1980 2284 2011 2308 11⁵.
2031 2284 2062 2308 L.

422 2329 554 2360 liquorum
575 2330 607 2354 B.
665 2330 851 2354 14‘coloratos
872 2329 903 2353 B.
968 2330 998 2353 15
1020 2330 1181 2361 dampnetur
1200 2329 1232 2355 B.
1297 2330 1327 2353 16
1348 2332 1455 2360 potatur
1477 2328 1506 2352 B.
1562 2329 1722 2353 Thimotheo
1742 2328 1773 2352 L.
1838 2329 1867 2353 17
1888 2326 2059 2358 valetudinis]

421 2373 590 2397 mulitudinis
610 2374 642 2398 B.
701 2376 730 2398 1&
751 2374 909 2398 succulento
930 2373 1084 2399 validocine
1103 2382 1161 2397 sum
1181 2373 1213 2398 B.
1270 2374 1301 2397 19
1322 2370 1426 2403 nescio]
1446 2381 1493 2396 nes
1511 2372 1543 2396 B.
1599 2374 1628 2396 21
1651 2370 1823 2403 ieiuniorum]
1844 2373 2015 2404 geiuniorum
2029 2372 2061 2397 B.

421 2416 521 2448 iennia]
542 2419 652 2449 gciunia
672 2418 703 2442 Jt.
766 2419 798 2442 22
818 2419 1041 2449 superinsticiosa
1061 2418 1093 2442 B.
1157 2419 1189 2442 :23
1210 2414 1350 2449 quaerere]
1371 2425 1452 2448 quere
1472 2417 1504 2441 B.
1567 2417 1670 2441 caricas
1690 2417 1726 2441 M.
1787 2418 1819 2441 24
1839 2425 1927 2441 rerum
1946 2417 2011 2441 deest
2030 2417 2061 2442 B.

422 2463 454 2486 :35
475 2462 692 2493 sorbiciungulas
713 2462 744 2486 B.
819 2460 945 2492 contrita]
967 2462 1125 2490 confricata,
1152 2462 1195 2486 vel
1217 2463 1332 2486 contrita
1351 2470 1470 2493 superscr.
1490 2461 1526 2485 JI.
1599 2459 1681 2492 olera]
1702 2461 1795 2485 holera
1814 2461 1850 2485 Μ’.
1923 2462 1955 2485 26
1975 2461 2060 2485 betta-

422 2514 533 2537 rumque
553 2507 585 2532 J),
649 2507 751 2530 concha
772 2507 806 2530 Α11.
869 2507 979 2537 geiunia
999 2515 1010 2530 e
1029 2515 1090 2531 corr.
1112 2506 1143 2530 B.
1186 2532 1189 2534 ,
1209 2507 1241 2530 28
1261 2505 1422 2530 rumusculis
1442 2506 1473 2529 le.
1494 2505 1524 2529 L.
1544 2504 1576 2529 B.
1595 2537 1598 2540 ἡ
1641 2503 1685 2537 ne]
1704 2514 1757 2530 non
1778 2505 1809 2529 B.
1875 2504 2003 2530 offensam
2023 2504 2060 2528 JI.

420 2552 453 2574 30
473 2551 569 2574 famem
590 2550 621 2574 B.
714 2552 746 2574 32
774 2550 844 2574 lacta
872 2548 1028 2581 contemnit]
1055 2550 1077 2574 lc
1105 2551 1269 2582 contempnit
1288 2550 1320 2574 B.
1406 2548 1573 2581 contempnit
1598 2549 1629 2574 L.
1650 2549 1681 2573 B.
1773 2547 1870 2579 tristia]
1899 2549 2008 2573 tristitia
2029 2549 2060 2573 B.

421 2592 483 2625 urit]
504 2595 582 2619 huret
602 2595 634 2619 Β,
708 2593 777 2625 011111]
798 2599 823 2618 tc
845 2595 875 2618 Ji.
898 2593 931 2619 Jl.
1007 2596 1039 2618 33
1061 2594 1122 2618 Noli
1143 2595 1173 2619 L.
1194 2595 1225 2618 B.
1298 2592 1417 2626 precum]
1439 2600 1519 2625 prum
1541 2594 1572 2618 B.
1931 2591 1933 2595 ⁸

530 2695 557 2727 1)
591 2694 788 2729 Hieronymus,
824 2693 952 2730 Epistola
984 2694 1024 2720 ad
1046 2693 1231 2730 Nepotianum
1240 2704 1250 2727 ς
1287 2694 1360 2730 (ΙΝ).
1386 2693 1409 2727 Ι,
1439 2695 1572 2730 26:3sqq.
1665 2692 1695 2726 2)
1728 2693 1844 2720 Fontem
1875 2702 1931 2720 non
1958 2692 2058 2719 inveni.

422 2748 451 2779 3)
478 2746 526 2782 Cgf.
544 2748 578 2774 A.
598 2749 668 2781 (mo,
695 2746 987 2783 ‘Diaspr1'clm·f·›·1·t‹›r
1011 2748 1070 2774 und
1090 2746 1348 2783 spriclzzciirllz'vlzen
1374 2747 1569 2774 Redvnsarten
1594 2747 1644 2774 der
1668 2746 1781 2773 li'ijmer'
1806 2742 1935 2781 (Lipsiae
1958 2743 2058 2781 1890),

415 2812 446 2837 p.
473 2802 539 2828 363.

2082 455 2094 474 5

2085 721 2109 739 10

2085 985 2110 1003 15

2084 1515 2110 1534 25

2084 1781 2109 1799 30

2083 2112 2107 2131 35

2081 2333 2107 2351 40

2080 2553 2105 2571 45
