2242 3085
410 118 472 147 356
826 118 875 145 39.
914 117 1129 145 CONCILIUM
1154 117 1480 150 AQUISGRANENSE
1505 117 1540 144 A.
1563 117 1637 144 816.

409 219 560 245 severitate
586 221 742 249 servantur,
768 220 798 242 ut
823 215 970 242 obfirmata
993 215 1091 247 facies,
1124 216 1150 242 id
1184 219 1227 242 cst
1257 224 1309 250 per
1333 215 1492 241 severitatis
1524 215 1678 241 custodiam
1702 215 1736 241 ab
1761 215 1833 241 omni
1858 224 1907 249 spe
1932 214 2054 242 fribulae

409 271 576 298 remissionis
601 271 733 302 obducta,
758 270 962 295 inconstantem
987 269 1104 294 animam
1129 272 1237 295 terreat
1261 272 1347 302 atque
1371 277 1387 294 a
1408 268 1598 295 delectatione
1615 267 1744 294 vitiorum
1760 268 1941 294 districtionis
1957 268 2053 302 vigore

410 324 592 358 1⁷·oustringat.
641 323 722 353 Quod
748 331 808 349 eum
833 332 849 348 a
873 322 987 347 doctore
1012 322 1115 356 agitur,
1140 330 1252 356 semper
1276 330 1393 348 necesse
1419 324 1473 353 est,
1498 324 1528 347 ut
1553 321 1673 347 dulcedo
1699 324 1728 347 et
1752 320 1892 346 humilitas
1917 320 1944 346 in
1969 321 2053 347 eorde

410 381 553 405 teneatur,
579 380 717 410 quatenus
743 379 771 401 ct
796 375 913 400 multum
939 378 1013 401 amet
1039 379 1067 400 et
1091 384 1240 408 numquam
1265 378 1362 400 contra
1387 383 1449 400 eum
1474 383 1526 408 per
1550 373 1700 400 elationem
1720 373 1873 405 suberbiat,
1899 373 1943 399 eui
1959 377 2054 400 tamen

410 439 530 456 amorem
563 438 641 455 suum
675 432 702 453 01
728 428 913 454 humilitatem
944 436 995 461 pro
1025 427 1150 453 utilitate
1184 428 1243 453 cius
1274 427 1394 462 prodere
1426 430 1547 453 recusat.
1595 423 1777 452 Circumdatl
1801 426 1898 452 doctor
1921 427 2054 453 auditoris
2073 434 2087 452 5

410 484 536 515 animam,
569 491 630 508 cum
654 482 680 507 in
707 490 798 513 omne,
832 481 906 515 quod
937 481 965 506 in
988 480 1040 506 hae
1064 481 1122 506 vita
1147 481 1248 513 agitur,
1280 480 1496 514 temptationum
1520 479 1637 513 laqueos
1661 479 1763 513 adponi
1787 487 1869 513 posse
1894 479 2054 511 denuntiat,

410 541 450 564 ut,
476 536 539 561 dum
565 535 668 568 ubique
693 533 725 560 fit
748 543 826 560 mens
850 534 962 568 pavida,
987 533 1094 567 ubique
1120 534 1332 568 circumspecta.
1366 536 1472 567 quanto
1503 533 1634 565 timidior,
1666 535 1746 558 tanto
1777 532 1937 567 vigilantior
1968 532 2053 559 vivat.

411 587 496 623 lpse²
520 596 640 622 namque
666 587 743 613 zelus
767 586 953 618 rectitudiniS.
979 587 1043 612 dum
1068 587 1264 620 inquictudine
1289 590 1411 612 mentem
1437 586 1536 619 agitat,
1571 586 1629 612 eius
1653 594 1714 612 mox
1738 586 1827 612 aciem
1851 585 1991 618 obscurat,
2023 589 2053 611 ut

411 643 509 668 altiora
533 642 560 667 in
585 640 766 666 commotione
792 649 847 666 non
871 640 976 672 videat,
1011 649 1081 674 quae
1115 640 1186 665 bene
1218 640 1294 673 prius
1325 639 1476 673 tranquilla
1500 639 1647 666 cernebat.
1695 638 1752 665 Sed
1776 639 1841 665 inde
1866 638 1995 665 subtilius
2019 638 2055 664 ad

411 695 467 721 alta
491 694 647 725 reducitur,
672 694 747 719 unde
774 693 808 719 ad
834 697 954 727 teinpus,
981 702 1015 719 ne
1041 693 1146 721 videat.
1172 693 1380 719 reverberatur.
1423 693 1492 719 Nam
1517 693 1577 727 ipsa
1600 692 1669 718 recti
1696 692 1827 718 emulatio
1851 695 1968 718 aeterna
1991 695 2055 726 post
2076 701 2102 720 ιο

411 748 552 782 paululum
586 748 612 772 in
644 746 850 781 tranquillitate
882 746 986 780 largius
1017 746 1106 780 aperit
1139 755 1210 780 (piae
1242 746 1285 772 hie
1317 746 1427 772 interim
1458 755 1510 780 per
1538 745 1749 771 commotionem
1774 745 1877 771 claudit
1908 749 1947 776 et⁷
1979 745 2053 771 unde

414 810 492 827 1110115
518 801 657 833 turbatur,
682 809 718 826 ne
744 800 850 832 rideat,
875 799 939 825 inde
964 798 1085 833 proficit,
1110 804 1140 824 ut
1166 799 1200 824 ad
1225 799 1376 825 videndum
1399 799 1492 825 verius
1517 799 1663 831 clarescat,
1695 799 1765 824 sieut
1790 798 1940 824 infirmanti
1963 798 2054 830 oculo,

412 864 472 880 cum
497 854 632 879 collirium
657 853 785 881 mittitur,
811 853 857 878 lux
883 852 995 886 penitus
1020 856 1150 884 negatur,
1175 852 1224 877 sed
1250 852 1314 878 inde
1342 861 1401 878 cam
1425 856 1488 886 post
1512 852 1656 886 paululum
1680 852 1820 878 veraciter
1843 851 1954 885 recipit,
1979 851 2054 877 unde

411 908 481 933 banc
507 908 540 933 ad
566 911 676 940 tempus
700 906 850 932 salubriter
875 905 987 931 amittit.
1036 905 1193 938 Numquam
1217 914 1282 931 vero
1308 905 1483 931 commotioni
1507 905 1704 939 contemplatio
1736 905 1860 939 iungitur
1891 913 1942 930 nee
1970 913 2053 938 prae-

410 961 485 986 valet
511 969 588 986 mens
612 959 779 993 perturbata
804 958 976 992 conspicere,
1009 958 1044 983 ad
1077 958 1150 991 quod
1183 958 1226 983 vix
1257 957 1408 991 tranquilla
1438 957 1515 984 valet.
1538 958 1654 990 inhiare,
1688 958 1752 992 quia
1782 966 1834 983 nee
1867 957 1931 983 solis
1961 958 2101 984 11111111515

411 1014 544 1045 cernitur,
577 1022 637 1038 cum
663 1016 815 1038 commotae
840 1011 930 1037 nubes
955 1011 1025 1037 caeli
1050 1010 1151 1036 facicm
1175 1011 1328 1043 obducunt,
1360 1020 1412 1037 nec.
1442 1011 1572 1037 turbatus
1603 1011 1665 1037 fons
1695 1011 1874 1045 respicientis
1907 1011 2054 1045 imaginem

411 1067 513 1098 reddit,
547 1075 628 1100 quam
659 1065 824 1099 tranquillus
855 1065 994 1098 propriam
1026 1064 1161 1093 ostendit,
1194 1064 1268 1098 quia,
1302 1073 1355 1098 quo
1387 1064 1446 1090 eius
1477 1064 1553 1089 unda
1583 1064 1714 1098 palpitat,
1747 1072 1779 1090 eo
1810 1064 1837 1089 in
1869 1072 1898 1089 se
1930 1064 2053 1098 speciem

411 1119 598 1145 similitudinis
630 1119 769 1144 obscurat.
818 1116 909 1143 ('um³
939 1126 991 1151 per
1020 1117 1111 1143 zelum
1135 1118 1241 1143 animus
1270 1120 1408 1149 movetur,
1441 1117 1593 1143 curandum
1625 1126 1799 1151 summopere
1832 1120 1885 1149 est,
1918 1126 1952 1143 ne
1984 1117 2054 1143 haec

412 1174 520 1201 eadem,
548 1181 618 1206 quae
644 1172 829 1197 instrumento
854 1171 965 1196 virtutis
989 1171 1152 1202 adsumitury
1177 1170 1264 1196 menti
1288 1171 1329 1196 ira
1353 1170 1511 1196 dominetur
1534 1179 1587 1196 nee
1612 1170 1690 1204 quasi
1715 1170 1824 1196 domina
1847 1173 1974 1204 praeeat,
2003 1170 2053 1196 sed

411 1226 489 1251 velut
521 1225 622 1251 ancilla
653 1225 688 1250 ad
720 1225 885 1258 obsequium
916 1228 1015 1258 parata
1045 1233 1061 1250 a
1088 1224 1201 1249 rationis
1232 1227 1311 1258 tergo
1342 1232 1491 1257 numquam
1522 1224 1648 1250 recedat.
1701 1223 1780 1249 Tune
1813 1223 1885 1249 enim
1915 1223 2055 1249 robustius
2074 1231 2102 1249 20

412 1283 509 1304 contra
532 1278 600 1304 vitia
625 1278 750 1312 erigitur,
777 1287 837 1303 cum
863 1277 978 1303 subdita
1000 1277 1100 1303 rationi
1126 1277 1285 1302 famulatur.
1323 1275 1536 1306 Quantumlibet
1560 1277 1600 1302 ira
1625 1286 1659 1302 ex
1679 1278 1738 1303 zelo
1755 1276 1932 1302 rectitudinis
1949 1279 2054 1310 surgat,

412 1332 613 1358 inmoderatam
646 1336 767 1357 mentem
801 1331 953 1363 dilaceratg
986 1330 1087 1356 rationi
1118 1330 1244 1364 protinus
1276 1330 1379 1356 servire
1412 1330 1596 1364 contempnit.
1644 1330 1680 1355 Et
1704 1333 1784 1355 tanto
1814 1338 1843 1355 se
1875 1329 2056 1363 inpudentius

412 1385 522 1413 dilatat,
556 1389 661 1419 quatuo
693 1384 877 1418 inpatientiae
903 1384 1000 1409 vitium
1024 1383 1157 1409 virtutem
1188 1387 1280 1417 putat.
1328 1383 1454 1409 Necesse
1488 1387 1541 1415 est,
1573 1386 1605 1408 ut
1636 1383 1686 1409 1100
1712 1386 1777 1409 ante
1809 1383 1900 1408 omnia
1924 1383 1971 1416 qui
1995 1382 2055 1408 zelo

412 1438 589 1464 rectitudinis
621 1442 748 1463 movetur
779 1437 926 1468 adtendat,
958 1446 993 1463 ne
1025 1436 1065 1462 ira
1098 1439 1176 1462 extra
1207 1436 1306 1462 mentis
1338 1436 1487 1462 dominium
1512 1440 1648 1467 transeat,
1680 1436 1731 1462 sed
1762 1436 1789 1461 in
1813 1435 1919 1462 ultione
1944 1436 2055 1469 pcccati

412 1497 523 1525 tempus
552 1491 719 1524 modumque
752 1491 931 1515 considerans
963 1490 1104 1523 surgentis
1135 1489 1218 1515 animi
1249 1489 1490 1523 perturbationem
1523 1489 1652 1515 subtilius
1683 1489 1862 1515 retractando
1893 1489 2055 1523 restringat⁷
2075 1494 2103 1513 25

413 1544 617 1570 animositatem
641 1544 774 1578 reprimat
801 1547 828 1569 et
853 1547 942 1569 motus
967 1543 1090 1569 fervidos
1115 1543 1166 1568 sub
1191 1543 1337 1576 aequitate
1363 1543 1503 1577 disponat,
1532 1546 1562 1568 ut
1589 1552 1621 1568 eo
1645 1541 1694 1568 fiat
1718 1542 1816 1567 iustior
1839 1544 1913 1568 ultor
1937 1542 2054 1574 alienus⁷

413 1606 466 1631 quo
492 1598 567 1631 prius
594 1597 687 1623 estitit
710 1597 800 1623 victor
823 1606 898 1622 511115.
948 1596 1002 1626 Qui
1033 1596 1094 1622 zelo
1126 1596 1303 1622 rectitudinis
1328 1600 1456 1622 movetur
1486 1596 1524 1621 sic
1557 1595 1652 1630 culpas
1677 1595 1900 1629 delinipientium
1925 1595 2054 1629 corrigat,

413 1655 442 1676 ut
468 1656 533 1676 ante
559 1651 629 1685 ipse,
656 1651 703 1684 11111
729 1650 851 1684 corrigit,
876 1658 928 1684 per
951 1650 1117 1683 patientiam
1143 1653 1260 1679 crescat.
1286 1653 1316 1675 ut
1341 1649 1479 1675 fervorem
1503 1657 1582 1674 suum
1607 1649 1833 1674 transcendendo
1851 1649 1994 1681 diiudicet,
2020 1657 2055 1675 ne

413 1704 637 1737 intemperanter
662 1704 800 1729 excitatus
823 1703 883 1737 ipso
907 1703 968 1729 zelo
992 1703 1170 1729 rectitudinis
1195 1702 1277 1737 longe
1303 1712 1318 1728 a
1342 1702 1513 1729 rectitudine
1538 1702 1662 1728 oberret.

520 1761 663 1792 XXXV.
700 1760 930 1801 Prosperi.
963 1759 1074 1801 quod
1100 1759 1363 1790 sacerdotes
1395 1759 1509 1790 nihil
1540 1759 1766 1801 proprium
1795 1758 1987 1790 habeant
2017 1764 2057 1789 et
2076 1772 2104 1790 30

415 1814 640 1845 ecelesiae
677 1813 927 1844 facultates
963 1818 1179 1854 tamquam
1217 1824 1482 1851 communes,
1522 1818 1676 1854 utpote
1712 1811 1802 1843 Deo
1838 1813 2056 1842 rationem

414 1867 639 1898 reddituri
673 1867 771 1897 sint.
826 1869 970 1905 Expedit⁴
1002 1871 1155 1897 facultates
1195 1870 1332 1896 ecclesiae
1366 1871 1502 1904 possideri
1535 1874 1563 1896 ct
1593 1871 1718 1904 proprias
1750 1870 1932 1904 perfectionis
1963 1878 2055 1896 amore

414 1925 564 1951 contemni.
601 1925 663 1950 Non
689 1925 761 1951 enim
785 1925 913 1958 propriae
939 1929 1014 1953 511111,
1040 1925 1090 1949 sed
1116 1933 1273 1950 communes
1300 1924 1437 1950 ecclesiae
1462 1923 1623 1956 facultates,
1651 1926 1679 1949 et
1696 1923 1759 1949 ideo
1777 1923 1901 1957 quisquis
1918 1923 2055 1955 omnibns,

414 1987 485 2012 quae
511 1978 618 2006 habuit.
644 1978 762 2003 dimissis
787 1982 835 2003 aut
860 1977 982 2003 venditis
1006 1977 1038 2003 fit
1063 1977 1103 2003 rei
1129 1986 1195 2004 suae
1214 1981 1398 2011 contemptor,
1424 1985 1484 2002 cum
1501 1977 1679 2011 praepositus
1696 1976 1781 2002 fuerit
1798 1976 1889 2002 factus
1907 1976 2055 2008 ecclesiae,

520 2126 666 2150 XXXIIII.
698 2128 707 2149 1
730 2123 856 2155 fribulae]
877 2126 911 2149 im
932 2126 963 2154 Ii',
985 2125 1083 2149 sribule
1104 2125 1134 2149 L.
1154 2125 1187 2151 J),
1207 2124 1321 2148 frivolae
1341 2125 1378 2148 Jl.
1441 2126 1455 2148 2
1477 2122 1601 2155 animam]
1621 2125 1767 2148 aniuimam
1787 2124 1817 2147 R.
1879 2125 1893 2147 4
1914 2127 2004 2148 ament
2023 2124 2055 2148 B.
2075 2128 2103 2147 35

415 2172 428 2193 ι’)
450 2167 577 2201 amorem]
598 2174 725 2194 amortem
746 2170 777 2194 Β.
856 2172 870 2193 O
891 2171 1007 2193 animum
1027 2169 1059 2193 B.
1139 2166 1249 2200 adponij
1271 2170 1373 2200 opponi
1393 2169 1427 2192 Δ1[.
1509 2170 1522 2193 T
1544 2166 1653 2200 ubique]
1673 2169 1791 2199 huhique
1811 2168 1843 2192 B.
1917 2169 1932 2191 S
1951 2169 2055 2199 inquie-

414 2216 533 2238 tudinem
554 2215 584 2238 15,
667 2212 762 2244 aciem]
785 2215 865 2238 aticm
887 2214 919 2238 I).
1001 2216 1029 2237 11
1053 2212 1200 2245 paululum]
1222 2213 1331 2245 paulum
1351 2213 1387 2237 M.
1468 2214 1575 2245 apperit
1596 2213 1625 2236 R.
1699 2210 1917 2243 commotionem]
1939 2220 2055 2236 commu-

414 2260 520 2282 nionem
541 2259 571 2287 J.y
593 2259 821 2283 00111111ιζ1111κ,ι110111
843 2259 874 2282 L’.
949 2256 1059 2288 claudit]
1081 2258 1165 2281 cladit
1184 2258 1215 2281 B.
1298 2259 1329 2281 14
1349 2265 1412 2282 vero
1432 2257 1496 2281 deest
1516 2257 1547 2283 B.
1628 2258 1658 2281 17
1679 2257 1788 2288 propria
1808 2256 1839 2280 B.
1913 2264 1965 2288 quo
1986 2253 2053 2286 eius]

415 2304 539 2334 quotiens
560 2303 594 2326 Α11.
688 2312 718 2326 eo
745 2303 810 2327 dees!
830 2303 860 2326 H.
881 2303 911 2327 L.
932 2303 968 2326 Δ11.
1062 2305 1092 2326 ls·
1121 2300 1196 2333 Cum]
1226 2302 1278 2326 Sed
1300 2310 1359 2325 cum
1380 2302 1411 2325 B.
1505 2303 1535 2325 19
1561 2298 1720 2331 adsumitur]
1749 2301 1893 2325 assumitur
1912 2309 1923 2325 e
1941 2310 2003 2325 corr.
2023 2300 2055 2325 R.

414 2345 473 2377 nec]
496 2356 527 2370 ue.
549 2347 578 2370 L.
653 2349 682 2371 21
707 2347 881 2377 Quantulibet.
900 2347 932 2371 B.
1007 2348 1038 2370 22
1059 2350 1187 2378 protenus
1207 2346 1239 2370 B.
1313 2347 1462 2370 contemnit
1482 2346 1517 2370 JI.
1595 2347 1627 2369 23
1649 2343 1753 2376 vitium]
1774 2346 1901 2369 vitiorum
1922 2345 1952 2369 B.
1972 2344 2002 2368 L.
2023 2344 2055 2369 B.
2075 2349 2104 2368 40

414 2389 470 2422 qui]
493 2399 546 2422 qua
565 2391 595 2415 L.
652 2389 719 2421 zelo]
740 2391 817 2415 caelo
838 2391 870 2415 B.
933 2392 965 2415 *24
986 2394 1089 2414 mentes
1109 2390 1142 2414 B·
1203 2392 1234 2414 26
1255 2393 1341 2414 11101115
1361 2387 1488 2421 fervidos]
1509 2390 1604 2414 modus
1623 2390 1741 2414 fervidus
1762 2389 1794 2413 B.
1850 2390 1881 2413 27
1903 2389 2004 2413 exstitit
2024 2388 2055 2417 L,

415 2436 510 2459 extetit
529 2435 560 2459 ΙΙ.
635 2437 667 2459 25
689 2436 805 2465 corrigat
826 2435 857 2459 B.
932 2436 963 2459 29
985 2435 1119 2459 excitatur
1139 2435 1170 2458 B.

520 2488 627 2511 XXXV.
658 2489 687 2512 31
711 2486 813 2520 utpote]
835 2492 925 2520 utpute
946 2488 976 2517 B,
998 2489 1030 2512 de
1051 2488 1148 2519 quibus
1167 2488 1226 2511 add.
1247 2488 1283 2512 JI.
1357 2489 1390 2511 32
1410 2491 1472 2511 sunt
1492 2487 1527 2511 Jl.
1601 2488 1634 2511 33
1658 2487 1813 2518 contempni
1834 2486 1865 2510 B.
1939 2487 1971 2510 34
1992 2494 2054 2510 eon-

415 2537 513 2556 temtor
534 2532 563 2556 L.
636 2533 780 2564 prepositis
803 2532 834 2556 Β.

526 2676 552 2708 l)
581 2675 629 2703 Ea:
654 2675 793 2712 Gregsurio
819 2675 870 2709 JI„
903 2675 1006 2702 Hamil.
1032 2675 1058 2702 in
1086 2674 1256 2702 Ewelzielem
1282 2674 1305 2708 L
1330 2676 1369 2703 12
1392 2671 1415 2711 ἕ
1431 2676 1488 2707 32,-
1525 2674 1597 2711 Opp.
1623 2674 1646 2708 I,
1672 2675 1758 2703 1306.
1853 2674 1881 2705 2)
1908 2673 1957 2700 Ex
1982 2672 2055 2701 (ἶνε-
2073 2679 2102 2698 ⁴15

413 2728 493 2765 ymo
519 2728 571 2761 M,
606 2728 732 2755 Masalia
760 2728 786 2755 V
813 2738 834 2754 e.
852 2729 891 2756 45
913 2724 1010 2765 ,51591-
1047 2730 1118 2764 opp.
1145 2727 1167 2761 I,
1193 2728 1251 2756 177
1263 2738 1303 2764 sq.
1419 2727 1448 2756 31
1481 2727 1525 2754 lb,
1559 2727 1584 2754 V
1611 2737 1632 2754 c.
1657 2728 1694 2755 45
1719 2723 1742 2764 ἕ
1763 2728 1819 2760 83;
1855 2727 1871 2754 l·
1890 2727 1906 2754 l·
1933 2726 1955 2759 I,
1981 2726 2054 2755 178·

418 2781 446 2807 4»
472 2781 599 2808 Iulianus
624 2781 777 2814 Ήιηωνῐιιε1
803 2781 847 2807 lh·
873 2781 927 2807 vila
952 2780 1164 2817 contemplativa
1190 2780 1223 2807 II
1243 2790 1264 2807 c.
1282 2782 1316 2814 95
1349 2780 1421 2817 opp.
1448 2780 1584 2817 Prosperi
1607 2780 1730 2816 append.
1756 2781 1804 2808 32.
