2242 3085
76 720 100 738 10

74 986 100 1004 15

75 1252 101 1271 20

73 1519 99 1537 25

73 1786 100 1804 30

75 2110 100 2128 35

76 2334 102 2351 41)

77 2554 103 2572 ’15

606 133 653 160 12.
692 134 909 161 CONCILIUM
935 135 1130 162 ROMANUM
1158 137 1193 162 A.
1216 137 1287 163 Tssl.
1728 135 1768 164 6?

121 227 245 258 scilicet
262 227 385 266 domus,
412 238 494 268 quae
512 226 589 257 mihi
606 226 764 268 parentali
785 227 990 257 successione
1016 227 1157 267 obvenit,
1184 230 1215 259 in
1241 241 1304 271 qua
1321 242 1370 260 me
1396 237 1505 261 natum
1531 236 1655 262 constat
1672 236 1769 272 atque

120 281 284 320 nutritum,
310 291 421 311 eorum
446 280 651 310 sanctissima
676 279 837 310 collocans
863 280 992 311 condidi
1014 292 1168 322 corpora,
1194 282 1249 312 ubi
1267 285 1551 323 congregationem
1573 285 1770 315 constituens

119 333 351 365 monachorum
383 333 517 375 speciali
549 344 686 364 censura
716 334 748 363 in
780 333 900 364 honore
933 338 964 364 et
994 334 1123 364 nomine
1148 333 1316 366 beatorum
1342 336 1498 378 Stephani
1524 349 1607 379 pape
1633 343 1663 368 et
1688 349 1771 368 mar-

120 387 200 428 tyris
225 392 321 428 atque
347 386 495 417 silvestri
519 397 603 428 pape
629 391 661 416 et
685 386 878 417 confessoris
896 386 1026 426 Christi,
1052 387 1085 417 in
1110 399 1172 429 quo
1199 393 1229 418 et
1254 389 1440 420 veneranda
1465 401 1575 421 eorum
1600 391 1772 432 quieseunt

120 451 266 481 corpora,
298 440 528 470 monasterium
560 439 701 470 virorum
733 439 963 470 monachorum
995 451 1066 470 esse
1099 441 1220 479 censui,
1258 441 1380 472 scilicet
1416 443 1642 474 modulationis
1679 455 1770 474 exer-

120 492 258 524 cendum
290 492 505 534 psalmodium
537 493 568 523 in
600 498 791 534 perpetuum
821 504 891 523 esse
924 492 1064 531 decrevi,
1097 495 1295 525 constituens
1328 495 1456 526 sedulas
1488 495 1608 527 ibidem
1641 497 1769 527 domino

120 546 192 577 Deo
217 545 414 587 redemptori
438 551 547 576 nostro
573 545 694 576 referre
719 545 831 576 laudes
857 550 888 576 et
912 552 1077 577 aeternam
1102 547 1288 578 eorumdem
1315 554 1497 579 sanctorum
1520 549 1585 579 illic
1603 551 1770 591 quiescen-

119 599 199 630 tium
223 599 441 629 venerationis
466 599 653 629 memoriam
680 598 722 629 ad
746 599 881 640 gloriam
907 599 1036 630 divinae
1061 601 1224 641 potentiae
1251 601 1409 632 celebrari
1427 607 1522 643 atque
1542 613 1597 643 pro
1616 602 1770 633 dilatione

120 658 151 683 et
183 651 358 683 stabilitate
389 652 436 682 rei
467 651 618 694 publicae
653 663 780 683 necnon
819 657 849 683 et
887 652 989 683 salute
1028 654 1169 684 omnium
1202 654 1345 684 fidelium
1380 654 1638 685 Christiaerum
1670 662 1701 686 et
1730 656 1770 686 ob

120 717 263 736 meorum
294 705 423 736 veniam
455 705 645 736 delictorum
677 705 881 747 quotidianas
917 705 1052 736 fundere
1088 718 1202 748 preces
1235 713 1266 738 et
1298 707 1441 738 debitum
1475 714 1505 738 et
1537 707 1770 739 condecentem

121 758 243 789 eisdem
275 758 424 789 omnibus
448 758 513 789 Dei
545 759 665 789 sanctis
697 758 821 789 exiberi
853 758 1017 789 honorem.
1073 759 1234 798 Quoniam
1268 760 1342 791 dum
1368 761 1429 802 ipsi
1455 767 1613 803 martyres
1640 761 1770 795 Christi,

120 812 312 854 contemptis
344 811 529 842 mundanae
555 811 677 853 gloriae
703 811 932 843 blandimentis
963 817 1059 854 atque
1092 813 1222 844 diversa
1246 818 1477 845 tormentorum
1511 814 1670 856 supplicia
1700 826 1770 856 per-

119 866 216 907 pessi,
246 877 304 907 pro
330 864 450 896 Christi
482 870 556 895 sunt
586 865 715 896 nomine
749 865 855 907 capite
883 866 1022 896 truncati
1048 871 1079 896 et
1104 867 1199 896 amici
1224 867 1287 897 Dei
1314 867 1430 906 effecti,
1457 868 1586 898 omnino
1612 869 1771 909 congruit,

119 924 162 953 ut.
195 919 277 950 sicut
308 930 418 949 eorum
450 919 577 949 animae
608 919 640 949 in
672 917 866 949 coelestibus
899 919 1007 960 regnis
1039 930 1111 949 cum
1143 919 1266 960 angelis
1297 920 1511 962 triumphant,
1551 926 1583 951 ct
1614 921 1646 951 in
1678 921 1771 951 terris

120 983 247 1014 quoque
273 983 381 1003 eorum
407 972 625 1002 sacratissima
650 982 786 1013 corpora
811 971 1016 1002 lucidissimis
1040 972 1234 1003 habitaculis
1252 973 1409 1004 collocata
1426 974 1546 1015 optime
1564 973 1604 1004 ab
1623 973 1772 1004 omnibus

119 1030 316 1056 venerentur
342 1025 546 1063 Christianis,
579 1024 653 1055 dum
678 1025 829 1056 nimirum
854 1025 1030 1067 impensius
1056 1037 1114 1067 pro
1139 1026 1204 1056 suis
1230 1026 1407 1058 culon-ibus
1433 1027 1577 1057 divinam
1601 1038 1665 1057 non
1690 1027 1772 1057 desi-

119 1084 205 1109 stant
228 1078 400 1120 implorare
426 1079 612 1120 potentiam.
656 1078 804 1120 Ipsorum
830 1079 949 1120 quippe
974 1090 1024 1109 mc
1050 1084 1234 1110 sanctorum
1260 1080 1390 1110 confero
1415 1080 1576 1122 presidiis,
1603 1080 1770 1111 confidens

120 1143 230 1163 eorum
255 1143 305 1162 me
331 1131 492 1172 suffragiis
517 1142 536 1162 a
559 1136 778 1173 peccatorum,
804 1143 867 1173 qua
891 1143 1029 1173 premor,
1056 1133 1131 1163 exui
1149 1132 1248 1163 mole:
1276 1140 1306 1163 et
1324 1144 1400 1164 ecce
1418 1134 1613 1175 propitiante
1630 1133 1772 1164 Domino

120 1185 259 1216 eundem
284 1196 303 1215 a
326 1184 419 1215 nobis
444 1185 477 1215 in
503 1196 613 1215 eorum
638 1184 758 1215 honore
783 1184 952 1215 fundatum
977 1186 1208 1216 monasterium
1240 1186 1376 1216 diversis
1408 1186 1528 1227 prediis
1554 1192 1651 1228 atque
1676 1186 1772 1217 rebus

121 1244 153 1269 et
176 1237 434 1280 possessionibus
459 1237 593 1268 urbanis
618 1238 670 1268 vel
695 1239 823 1269 rusticis
849 1243 880 1269 et
905 1239 1028 1269 cunctis
1053 1240 1246 1269 necessariis
1271 1239 1462 1270 utilitatibus
1484 1241 1603 1281 optime
1622 1239 1771 1279 ditantes,

120 1292 237 1327 omnia,
264 1303 347 1333 quae
373 1291 414 1322 ad
440 1292 722 1322 concinnationem
747 1291 990 1322 luminariorum
1016 1297 1047 1322 ct
1071 1292 1216 1323 sedulam
1242 1293 1474 1323 sacrificiorum
1501 1293 1696 1324 ‹;›blatione1n
1721 1293 1773 1324 vel

119 1356 167 1384 ea,
194 1356 276 1386 quae
302 1345 344 1375 ad
368 1356 444 1375 usus
476 1344 541 1375 illic
574 1345 872 1375 eonstituendorum
908 1345 1139 1376 monachorum
1175 1346 1353 1385 sufficiunt,
1391 1347 1619 1385 eoncessimuS,
1656 1346 1689 1377 id
1726 1352 1774 1377 est

120 1410 252 1432 massas,
285 1398 412 1437 fundos,
445 1397 580 1437 casales,
614 1398 766 1435 colonias,
798 1399 911 1429 vineas
944 1399 1039 1429 etiam
1071 1404 1168 1440 atque
1201 1404 1293 1430 ortua
1324 1405 1355 1430 et
1380 1399 1498 1430 oliveta
1523 1411 1579 1430 seu
1604 1399 1715 1430 domos
1741 1405 1772 1431 et

119 1451 274 1493 hospicia,
301 1451 420 1482 salinas
446 1456 476 1482 et
501 1451 664 1493 aquimola
688 1451 739 1482 vel
764 1452 920 1493 piscarias
945 1456 977 1482 et
1000 1451 1125 1493 reliqua
1148 1453 1389 1494 possessionum
1414 1453 1547 1494 praedia
1576 1453 1607 1483 in
1634 1453 1771 1484 diversis

119 1505 197 1536 locis
223 1510 254 1536 et
279 1504 465 1535 civitatibus
491 1505 552 1535 sita
576 1504 734 1546 simulque
761 1510 791 1535 et
814 1516 980 1535 servorum
997 1504 1221 1536 famulantium
1246 1516 1302 1536 seu
1326 1506 1465 1547 peculia,
1491 1506 1648 1537 addentes
1674 1507 1771 1537 etiam

120 1563 151 1589 et
182 1557 241 1589 sub
274 1559 342 1589 iure
375 1563 407 1589 ct
436 1558 576 1588 dictione
613 1558 713 1599 ipsius
749 1558 851 1589 nostri
881 1559 1067 1589 monasterii
1102 1558 1329 1589 confirmantes
1366 1559 1473 1600 aliqua
1509 1560 1705 1590 monasteria
1742 1565 1773 1590 et

118 1611 319 1642 venerabilia
342 1611 414 1642 loca
439 1622 509 1642 cum
535 1612 695 1642 universis
720 1611 978 1653 possessionibus
1004 1617 1035 1642 et
1059 1611 1207 1642 omnibus
1233 1612 1278 1642 eis
1303 1612 1498 1653 generaliter
1530 1618 1561 1643 et
1585 1613 1617 1643 in
1642 1613 1768 1654 integro

119 1664 365 1706 pertinentibus.
413 1665 506 1695 Haec
538 1676 654 1706 nempe
687 1665 794 1695 onmia
825 1665 905 1703 loca,
931 1665 1152 1706 possessiones
1184 1665 1236 1695 vel
1268 1665 1381 1707 predia
1412 1665 1537 1696 urbana
1568 1666 1620 1696 vel
1651 1667 1772 1697 rustica

119 1730 192 1749 cum
216 1719 375 1749 universis
401 1718 595 1760 generaliter
619 1723 650 1749 et
674 1719 707 1748 in
732 1719 856 1760 integro
883 1718 928 1749 eis
953 1717 1200 1760 pertinentibus,
1232 1718 1288 1749 ubi
1318 1724 1349 1749 et
1373 1719 1405 1749 in
1431 1730 1623 1761 quoeunque
1648 1719 1719 1750 loco
1741 1725 1772 1750 et

120 1772 249 1802 civitate
284 1772 464 1802 consistunt
497 1778 528 1803 et
560 1783 578 1802 a
612 1771 704 1802 nobis
739 1772 771 1802 in
805 1772 948 1813 presenti
980 1776 1089 1802 nostro
1122 1772 1317 1802 monasterio
1353 1783 1508 1803 concessa
1544 1778 1617 1803 sunt
1649 1773 1701 1803 vel
1738 1773 1770 1803 in

119 1830 281 1867 posterum
311 1825 430 1856 fuerint
457 1825 626 1867 largienda
651 1830 682 1855 et
705 1836 764 1866 per
786 1830 942 1867 precepta
966 1824 1164 1866 pontificalia
1196 1830 1227 1855 et
1259 1830 1403 1856 coeteras
1428 1826 1620 1856 monitiones
1645 1825 1766 1856 ibidem

120 1883 193 1909 sunt
216 1878 269 1909 vel
293 1878 413 1909 fuerint
438 1878 636 1917 confirmata,
661 1878 847 1920 presidente
873 1877 1067 1909 sacerdotali
1092 1878 1228 1909 concilio
1255 1883 1431 1909 statuentes
1457 1879 1619 1909 sancimus
1645 1884 1771 1921 aposto-

119 1931 182 1962 lica
206 1943 344 1962 censura
369 1931 427 1962 sub
454 1931 555 1962 divini
580 1931 693 1962 iudicii
718 1931 931 1962 obtestatione
965 1936 996 1962 et
1021 1943 1039 1962 a
1062 1932 1180 1962 nostris
1210 1931 1451 1963 successoribus
1476 1932 1682 1974 pontificibus
1708 1944 1771 1963 ser-

119 1984 228 2016 vanda
253 1984 467 2025 decernimus,
500 1990 534 2015 ut
564 1985 596 2015 in
629 1984 743 2015 eodem
767 1984 947 2015 venerabili
975 1985 1171 2015 monasterio
1196 1986 1415 2027 pcrempniter
1439 1991 1650 2027 permaneant
1675 1991 1770 2027 atque

229 2104 239 2126 1
263 2100 368 2133 domus]
391 2104 416 2126 in
438 2103 517 2126 domo
542 2103 600 2126 Bar.
676 2101 728 2133 me]
750 2103 813 2126 mihi
836 2103 857 2126 A
871 2106 930 2126 2..“,’.
999 2106 1104 2127 constet
1126 2103 1147 2126 ,1
1162 2106 1237 2126 1-3.
1307 2104 1321 2127 2
1342 2104 1470 2127 constitui
1492 2104 1553 2127 Bar.
1623 2106 1637 2127 3
1658 2104 1773 2135 speciali

119 2160 153 2163 —
173 2148 281 2171 nomine
301 2147 390 2171 desunt
410 2147 442 2171 Β.
506 2147 635 2171 honorem
655 2147 718 2171 Bar.
779 2145 897 2178 nomine]
918 2148 945 2171 in
966 2148 1073 2171 nomine
1094 2148 1157 2171 Bar.
1218 2149 1232 2171 4
1254 2148 1438 2171 confessorum
1461 2148 1518 2172 illl.
1581 2152 1605 2172 et
1624 2149 1689 2172 deest
1708 2149 1771 2172 Itur.

121 2193 135 2216 5
156 2189 259 2222 censui]
280 2192 385 2216 censuri
400 2192 423 2215 ,1
437 2195 459 2215 2.
475 2194 498 2217 3.
564 2189 678 2222 scilieet]
699 2192 732 2215 ad
746 2192 805 2215 azld.
820 2192 882 2215 Bar.
949 2193 1125 2216 exercendam
1148 2192 1326 2223 psalmodiam
1340 2192 1402 2216 L'ar.
1469 2194 1481 2217 7
1498 2191 1567 2223 Deo]
1585 2201 1644 2216 meo
1660 2193 1679 2216 Δ1
1698 2195 1771 2216 1—51'.

120 2236 212 2261 referri
233 2236 296 2260 Bar.
371 2237 517 2260 eorundem
538 2236 600 2260 Bar.
674 2237 689 2260 8
710 2236 869 2260 dilatatione
890 2236 921 2266 B,
950 2236 1094 2260 dilectione
1116 2236 1178 2260 Bar.
1253 2238 1267 2260 9
1289 2240 1313 2260 et
1333 2235 1493 2266 stabilitate]
1518 2240 1600 2268 atque
1620 2237 1770 2261 stabilitate

122 2281 184 2305 Bar,
270 2281 300 2305 10
320 2281 396 2304 fundi
418 2280 480 2304 Bar.
567 2281 686 2305 debitum
707 2279 740 2311 et]
761 2281 796 2304 ι’[α
816 2281 887 2309 Βαν.1
918 2281 1037 2305 debitum
1058 2281 1081 2304 A
1095 2284 1170 2305 J—-3.
1195 2281 1224 2305 lx.
1307 2279 1513 2311 condecentem]
1536 2283 1719 2305 condecenter
1741 2282 1770 2305 11¹.

124 2326 152 2350 11
175 2326 301 2349 exhibere
322 2325 385 2349 Bar.
461 2327 492 2349 12
513 2322 675 2356 mundanae]
696 2325 829 2349 humanae
850 2325 912 2350 Bar.
989 2327 1019 2349 13
1040 2329 1103 2349 sunt
1123 2324 1241 2356 nomine]
1261 2326 1370 2350 nomine
1391 2330 1452 2349 sunt
1474 2326 1536 2349 Bm·-
1622 2328 1652 2350 14
1672 2324 1773 2358 reg-nis]

122 2370 221 2401 requiis
243 2370 301 2394 412.
359 2372 384 2393 et
405 2367 442 2399 in]
463 2370 499 2393 ita
520 2373 546 2393 et
566 2370 593 2393 in
613 2369 675 2393 Bar.
734 2371 764 2393 15
785 2368 978 2399 sacratissima]
999 2371 1168 2394 sanctissima
1189 2370 1220 2393 lt.
1277 2370 1428 2394 eolliiwatur
1448 2370 1506 2394 ⁴12.
1529 2370 1699 2394 collocantur
1713 2372 1732 2394 ,1
1748 2374 1771 2394 -ἰ’.

124 2415 155 2438 16
175 2414 310 2438 desistunt
330 2414 392 2437 [tar.
451 2415 480 2437 l'i'
502 2413 672 2445 implorando
694 2414 752 2438 212.
767 2416 791 2438 3.
811 2414 844 2438 B.
899 2412 1059 2446 potentiam]
1081 2415 1306 2446 omnipotentiam
1327 2415 1389 2438 Bar.
1446 2423 1487 2438 me
1508 2413 1670 2445 sam-torum]
1695 2424 1770 2439 sam·-

122 2461 210 2482 torum
230 2466 271 2482 me
291 2458 323 2482 Β.
418 2460 448 2482 l&
477 2456 512 2489 et]
533 2458 568 2481 ita
587 2458 650 2481 Bar.
670 2458 764 2482 emend.
783 2467 812 2482 (ἀ)
838 2459 891 2482 Sed
912 2462 946 2483 et.
1035 2460 1062 2482 19
1090 2456 1215 2489 eundem]
1236 2459 1307 2482 idem
1331 2459 1391 2483 Bar.
1483 2468 1498 2482 a
1524 2457 1609 2489 nobis]
1631 2460 1692 2483 anb.
1713 2459 1732 2482 Δ1
1749 2462 1770 2483 ·.’.

123 2503 175 2526 aub
194 2503 252 2526 113.
309 2503 336 2526 in
357 2511 448 2526 corum
469 2500 581 2533 honore]
602 2503 627 2526 iu
648 2503 777 2527 honorem
798 2511 891 2527 eorum
913 2504 971 2527 Α13.
1028 2504 1155 2527 honorem
1172 2503 1233 2527 Bar.
1290 2504 1323 2527 20
1344 2501 1514 2533 utilitatibus}
1535 2503 1693 2527 utensilibus
1709 2504 1771 2527 [Just.

123 2547 222 2579 optime
242 2547 307 2571 deest
328 2547 385 2571 111.
454 2544 582 2577 ditantes]
604 2547 721 2571 dir-antes
742 2548 800 2571 213.
867 2549 897 2571 21
922 2547 1093 2571 luminarium
1115 2548 1176 2571 Bar.
1246 2549 1278 2571 22
1299 2546 1560 2577 eonstituendorum]
1582 2549 1770 2571 consistondos

124 2591 182 2615 ,1.2.
197 2594 220 2615 3.
242 2591 273 2621 B,
296 2592 498 2616 consistentium
520 2591 582 2615 Bar.
658 2592 828 2616 monachium
849 2592 908 2616 :12-
923 2595 947 2615 3.
1022 2594 1054 2616 23
1076 2590 1179 2622 vineas}
1200 2600 1301 2616 amn—as
1323 2593 1343 2615 il
1363 2595 1380 2615 1.
1397 2596 1419 2617 ·.¹.
1440 2600 1542 2615 annuas
1565 2593 1586 2615 il
1599 2595 1622 2616 .”,’.
1689 2590 1772 2621 ortua]

124 2635 217 2659 hortos
238 2635 301 2660 Bar.
388 2638 420 2660 24
441 2636 560 2668 hospitia
580 2636 643 2662 slav.
729 2634 838 2667 salinas]
858 2636 956 2660 salmas
978 2636 1001 2660 ,1
1015 2639 1090 2660 1-.“,’.
1176 2636 1322 2667 aquamola
1342 2636 1374 2666 B,
1395 2636 1543 2667 aquimolas
1566 2637 1626 2659 Bar.
1714 2636 1773 2658 reli-

124 2688 236 2711 quarum
256 2680 289 2704 B.
371 2681 402 2704 25
423 2678 482 2711 seu]
501 2688 594 2704 seeum
614 2680 677 2704 Bar.
759 2682 791 2704 26
812 2678 942 2711 dictione]
963 2681 1063 2705 ditione.
1087 2681 1147 2704 Bar.
1224 2682 1256 2704 29
1276 2681 1322 2704 ubi
1344 2684 1369 2704 vt
1389 2678 1426 2710 iul
1450 2681 1493 2703 ubi
1516 2684 1542 2704 et
1564 2681 1607 2704 ubi
1630 2680 1660 2707 lt,
1682 2681 1725 2703 ulii
1749 2683 1773 2703 vt

127 2723 189 2748 Bar.
250 2725 283 2748 30
304 2725 330 2748 in
351 2722 480 2756 presenti]
502 2725 553 2748 iam
574 2725 697 2756 praefato
718 2725 781 2749 stur.
845 2723 972 2756 presenti]
994 2726 1098 2757 prefato
1120 2725 1141 2749 Α
1159 2728 1232 2749 Ι-ὶί,
1253 2725 1284 2749 Β,
1347 2727 1375 2748 :tl
1401 2723 1548 2755 largienda]
1569 2725 1603 2747 im
1625 2725 1646 2747 ,1
1663 2727 1682 2747 Ι.
1707 2724 1774 2753 Iſtrou,

79 2775 105 2792 50
124 2765 255 2799 largitura
277 2768 335 2792 ,1.2.
350 2772 373 2798 3,
396 2768 494 2799 largita
514 2769 545 2793 B.
620 2772 647 2793 ct
667 2767 723 2800 per]
744 2777 792 2801 per
811 2769 833 2793 A
848 2772 924 2793 1--3,
946 2769 1008 2793 Bar.
1083 2772 1204 2793 caeteras
1224 2769 1286 2792 Ilm:
1361 2771 1394 2792 :32
1414 2767 1485 2799 sunt}
1507 2770 1559 2792 sint
1583 2769 1641 2791 Bar.
1711 2777 1772 2790 eon-

125 2809 238 2843 firmata]
259 2816 418 2837 consumam
439 2813 459 2836 ΔΙ
475 2816 551 2838 1-3.
607 2815 640 2837 33
661 2811 784 2844 censura]
808 2817 834 2838 et
853 2814 912 2837 add.
934 2814 996 2837 Har.
1058 2816 1081 2837 et
1103 2811 1126 2843 a]
1147 2818 1173 2837 ct
1194 2814 1215 2837 ,11
1233 2816 1304 2838 1--.”,’,
1326 2822 1338 2836 a
1365 2813 1422 2836 star.
1486 2815 1518 2835 ΞΜ
1539 2814 1691 2844 perenniter
1715 2812 1774 2835 liar.

1527 2863 1558 2887 a*
