2242 3085
570 101 621 127 39.
658 100 876 128 CONCILIUM
900 100 1228 132 AQUISGRANENSE
1253 102 1289 128 Α.
1312 102 1385 129 816.
1739 101 1802 131 409

151 193 349 237 temporibus
374 193 511 235 pulsent,
536 193 707 224 luminaria
725 205 802 224 vero
827 205 900 224 cum
925 194 1012 224 omni
1038 193 1205 235 diligentia
1225 195 1452 226 concinnanda
1468 196 1671 238 provideant,
1698 198 1802 239 sitque

151 259 263 279 eorum
287 247 394 286 studii,
419 253 454 278 ut
477 246 557 278 nihil
582 247 621 278 de
647 246 708 278 sibi
733 247 912 278 commissis
937 246 1033 277 rebus
1059 247 1217 279 ecclesiae
1242 254 1364 290 pereat.

259 309 434 341 CXXXII.
465 309 581 348 Quod
607 308 880 340 cantantibus
906 314 943 339 et
967 309 1253 351 psallentibus
1271 311 1445 342 Domino
1466 312 1707 353 angelorum
1733 312 1802 343 ad-

152 363 236 394 sint
259 362 485 405 praesidia.
522 362 755 393 Psallentiun1¹
779 363 812 392 in
836 362 975 393 ecclesia
992 362 1134 393 Domino
1151 374 1241 394 mens
1267 364 1465 395 concordare
1490 364 1587 395 debet
1612 377 1683 396 cum
1709 377 1800 403 voce,

118 428 131 447 5
151 422 185 447 ut
202 416 374 458 impleatur
389 415 469 446 illud
486 415 639 458 apostoli:
664 416 805 446 Psallam
830 417 958 457 spirita,
976 416 1117 458 psallam
1145 424 1172 447 et
1196 425 1300 449 mente.
1327 418 1488 459 quoniam,
1515 419 1663 460 quamvis
1681 418 1801 461 ubique

150 469 328 500 Dominum
352 480 411 511 per
433 469 610 511 potentiam
636 468 815 499 divinitatis
839 469 1025 499 noverimus
1044 480 1124 509 esse,
1150 470 1346 511 praecipuae
1364 476 1473 502 tamen
1491 482 1574 511 eum,
1600 483 1672 503 cum
1691 472 1801 503 divino

151 523 336 554 adsistimus
361 522 478 562 officio,
510 533 568 564 per
599 522 738 563 gratiam
763 521 855 552 nobis
886 521 1047 552 eredimus
1072 522 1186 553 adesse
1198 526 1218 553 2'.
1267 523 1318 554 Dc
1344 535 1407 565 qua
1432 535 1465 554 re
1491 524 1579 555 Beda
1606 525 1801 556 venerabilis

149 575 311 618 presbiter
342 576 375 606 in
401 575 602 617 expositione
627 574 789 616 evangelii
814 575 924 606 Lucae
949 576 992 606 ita
1018 575 1112 606 dicit:
1145 579 1230 607 Non3
1254 583 1325 607 latet
1358 582 1473 617 angvlos
1503 583 1602 609 crebro
1636 584 1734 609 clectis
1759 584 1800 609 iu-

149 634 253 660 visibili
280 635 379 661 adesse
404 633 576 668 praesentia,
605 637 636 659 ut
662 642 708 659 eos
733 633 778 659 vel
802 633 837 659 ab
862 633 948 659 hostis
973 633 1066 659 callidi
1091 633 1249 660 defendant
1273 635 1380 660 insidiis
1406 635 1450 661 vcl
1475 636 1568 662 maiori
1595 637 1725 663 caelestis
1750 637 1801 663 ‹le-

107 695 131 713 10
151 687 245 713 siderii
268 687 359 721 gratia
383 686 541 719 sustollant,
567 686 696 721 apostolo
720 689 889 716 attestante,
922 687 969 720 qui
998 687 1052 712 ait:
1086 686 1189 714 ,Nonne
1213 697 1306 714 omnes
1330 692 1395 714 sunt
1417 688 1654 716 adm[niso-ator&
1676 689 1800 725 spiritns,

150 740 177 767 in
204 739 384 767 ministerium
409 739 485 767 missi
502 742 624 776 propter
649 748 702 772 eos,
735 738 783 775 qui
813 738 991 766 hereditatem
1017 739 1133 776 capiant
1155 740 1276 767 salutis!
1314 741 1432 767 Maxime
1458 746 1552 768 tamen
1577 743 1697 777 angelici
1722 744 1800 769 nobis

149 794 263 828 spiritus
288 794 388 820 adesse
414 793 550 819 credendi
574 795 649 824 sunt,
676 802 737 819 cum
763 793 864 818 divinis
888 793 1051 827 specialiter
1075 793 1264 828 mancipamur
1288 795 1440 828 obsequiis,
1467 795 1493 820 id
1512 798 1555 821 est
1573 804 1635 821 cum
1654 797 1801 822 ecclesiam

150 847 267 881 ingressi
296 849 340 874 vel
364 846 531 873 lectionibus
563 846 647 872 sacris
679 855 775 872 aurem
806 847 1044 872 aoeommodamus
1074 849 1118 873 vel
1143 848 1315 881 psalmodiae
1348 857 1461 882 operam
1493 849 1589 874 damus
1614 851 1658 875 vel
1683 850 1801 875 orationi

150 901 332 926 incumbimus
356 902 401 926 vel
427 900 511 926 etiam
535 899 678 925 missarum
703 900 848 926 sollemnia
873 900 1076 926 caelebramus
1114 900 1198 927 Unde
1224 901 1262 927 ait
1287 901 1460 935 prophaeta:
1487 901 1520 928 Ιη
1547 906 1692 938 conspectu
1716 911 1802 939 anye-

106 961 130 980 15
150 954 237 980 lorum
257 953 381 989 psallam
407 952 461 979 tibi.
509 953 570 979 Nec
598 953 721 979 dubitari
753 953 829 984 licet,
862 953 909 979 ubi
941 954 1061 987 corporis
1094 957 1122 979 et
1153 954 1295 989 sanguinis
1327 955 1455 981 dominici
1487 959 1627 989 geruntur
1657 956 1801 990 mysteria,

150 1015 332 1041 supernorum
363 1007 465 1032 civium
495 1007 595 1033 adesse
628 1010 794 1032 conventus
841 1001 937 1032 Unde
970 1001 1165 1033 studendum
1197 1002 1342 1034 sollerter
1366 1009 1424 1039 est,
1456 1008 1499 1042 ut,
1531 1015 1603 1034 cum
1630 1004 1802 1035 ecclesiam

150 1055 202 1086 vel
234 1055 276 1086 ad
307 1055 437 1086 divinae
469 1054 574 1085 laudis
605 1054 716 1085 debita
748 1054 904 1085 solvenda
935 1055 987 1085 vel
1018 1055 1059 1086 ad
1091 1056 1217 1097 agenda
1246 1056 1416 1087 missarum
1442 1057 1609 1088 sollemnia
1634 1058 1800 1097 intramus,

151 1120 278 1151 semper
302 1108 470 1150 angelicae
494 1109 699 1150 praesentiae
724 1119 883 1139 memores
913 1120 985 1139 cum
1010 1109 1123 1139 timore
1149 1115 1180 1140 et
1204 1110 1414 1141 veneratione
1441 1111 1637 1152 competenti
1662 1110 1801 1141 caeleste

151 1162 368 1204 compleamus
394 1162 546 1201 officium,
578 1173 630 1200 ne,
662 1162 698 1201 si,
732 1161 818 1203 quod
843 1161 936 1199 absit,
969 1161 1003 1192 id
1027 1162 1239 1204 neglegenter
1263 1168 1317 1194 aut
1341 1163 1510 1194 inhoneste
1536 1163 1587 1194 vel
1613 1163 1721 1206 tepide
1747 1175 1801 1195 ex-

105 1228 130 1246 20
150 1215 345 1258 plcverimus
377 1221 407 1246 et
439 1214 481 1246 ad
505 1214 740 1257 perficiendum
763 1215 849 1257 pigri
873 1214 1111 1255 advenerimus,
1144 1216 1177 1246 in
1208 1217 1411 1255 sententiam,
1442 1228 1506 1258 qua
1531 1217 1665 1248 dicitur:
1698 1218 1799 1249 Male-

151 1270 252 1301 ‹lc'etns
282 1270 381 1303 homa,
417 1270 476 1311 qul
503 1281 581 1310 opas
611 1269 677 1299 Dee·
697 1270 818 1311 feeerit
848 1269 1048 1311 zzeyleqenter,
1084 1268 1310 1300 miserabiliter
1345 1269 1501 1301 labamur.
1556 1271 1644 1312 Ergo
1681 1270 1802 1301 sollerti

150 1322 310 1354 industria
334 1321 426 1353 nobis
452 1321 692 1353 observandum
717 1327 775 1361 est,
800 1332 840 1352 ne
866 1321 944 1363 quid
968 1322 1002 1352 in
1026 1322 1165 1353 ecclesia
1181 1323 1247 1353 Dei
1267 1323 1422 1365 ineptum,
1448 1334 1488 1354 ne
1507 1323 1584 1365 quid
1601 1335 1801 1366 perversum,

150 1387 190 1407 ne
216 1376 293 1418 quid
316 1375 472 1406 indecens
497 1381 552 1406 aut
576 1375 771 1416 cogitatione
797 1380 851 1406 aut
875 1374 984 1405 verbis
1009 1380 1064 1406 aut
1089 1375 1214 1406 actibus
1239 1382 1473 1418 perpetremus,
1499 1382 1657 1418 quatenus
1679 1382 1710 1408 et
1727 1388 1801 1408 con-

151 1436 264 1471 spectu
283 1429 472 1471 angelorum
489 1428 579 1470 digni
603 1428 791 1468 efficiamur,
818 1434 849 1459 et
865 1428 1025 1459 Dominus
1051 1428 1093 1459 ad
1117 1440 1174 1460 nos
1196 1430 1331 1460 veniens
1355 1441 1419 1461 non
1438 1429 1524 1472 quod
1550 1430 1744 1461 condemnet
1768 1431 1802 1461 in

105 1495 131 1513 25
150 1482 253 1523 nobis,
279 1482 336 1513 sed
360 1483 467 1524 potius
493 1482 579 1524 quod
603 1487 788 1512 remuneret
812 1482 966 1512 inveniat.

258 1544 449 1576 CXXXIII.
487 1544 641 1583 Quales
678 1544 726 1574 ad
758 1543 977 1585 legendum
1009 1549 1046 1574 et
1078 1544 1326 1575 cantandum
1358 1546 1397 1576 in
1430 1545 1615 1576 ecclesia
1647 1547 1802 1577 consti-

150 1598 294 1630 tuendi
326 1603 428 1629 sunt.
477 1597 595 1629 Tales⁴
626 1597 667 1628 ad
698 1597 882 1639 legendum,
919 1597 1116 1628 cantandum
1148 1603 1180 1628 et
1210 1598 1414 1640 psallendum
1451 1599 1483 1629 in
1516 1599 1654 1630 ecclesia
1685 1600 1802 1630 consti-

150 1658 290 1691 tuantur,
316 1652 371 1694 qui
395 1663 458 1682 non
484 1650 634 1693 superbe,
661 1650 718 1681 sed
742 1650 906 1681 humiliter
930 1650 1056 1681 debitas
1073 1651 1215 1682 Domino
1236 1651 1348 1683 laudes
1373 1652 1560 1694 persolvant
1585 1658 1616 1683 et
1641 1653 1801 1683 suavitate

150 1705 298 1737 lectionis
322 1716 360 1736 ac
385 1704 543 1735 melodiae
569 1710 600 1735 et
624 1704 736 1735 doctos
761 1703 966 1734 demulceant
991 1710 1022 1734 et
1047 1704 1151 1735 minus
1176 1704 1287 1735 doctos
1313 1705 1461 1736 erudiant
1486 1705 1622 1748 plusque
1645 1706 1745 1737 velint
1770 1707 1803 1736 in

105 1770 131 1788 30
151 1758 288 1790 lectione
313 1758 365 1789 vel
390 1764 487 1789 cantu
510 1757 621 1799 populi
646 1757 905 1788 aedificationem
923 1768 1019 1799 quam
1036 1757 1227 1799 popularem
1244 1759 1454 1789 vanissimam
1472 1759 1699 1790 adulationem.
1738 1759 1803 1798 Qui

150 1823 228 1843 vero
265 1811 344 1842 haec
376 1811 469 1842 docte
501 1822 657 1853 peragere
689 1816 855 1852 nequeunt
887 1810 1075 1841 erudiantur
1110 1811 1199 1853 prius
1231 1823 1249 1842 a
1281 1812 1443 1853 magistris
1480 1817 1511 1843 et
1542 1813 1690 1843 instructi
1721 1813 1802 1843 haee

150 1865 328 1907 adimplere
353 1864 512 1901 studeant,
537 1869 572 1895 ut
596 1864 764 1895 audientes
789 1863 972 1894 aedificent.

259 1983 398 2007 CXXXII.
426 1985 441 2007 4
463 1983 581 2015 presidia
602 1983 632 2006 11¹.
716 1984 730 2006 S
752 1982 904 2014 aevangelii
924 1982 955 2006 B.
1038 1983 1113 2006 Luce
1135 1983 1166 2007 Β.
1250 1984 1264 2007 9
1285 1985 1463 2015 praesentiam
1484 1984 1513 2007 P.
1596 1984 1679 2008 hostis
1701 1982 1802 2015 callidi]

151 2029 217 2052 ostis
240 2027 322 2052 calidi
343 2027 374 2052 B.
439 2029 471 2051 10
491 2024 648 2057 attestante]
669 2030 786 2051 testante
808 2026 839 2050 B.
904 2028 934 2051 12
955 2028 1063 2058 spiritus
1083 2027 1149 2051 deest
1167 2027 1198 2051 L.
1257 2030 1288 2052 14
1308 2028 1459 2059 solempnia
1481 2028 1511 2051 Β.
1571 2030 1602 2052 15
1623 2025 1689 2059 Nec]
1710 2029 1750 2052 Ne
1770 2028 1802 2052 L.

106 2079 132 2097 ³5
151 2070 208 2104 ubi]
228 2073 292 2097 hubi
313 2072 344 2096 B.
417 2075 514 2103 gerunt
534 2072 566 2095 B.
643 2072 673 2096 Π
694 2070 856 2103 sollempnia
876 2071 908 2095 B.
984 2072 1015 2095 18
1036 2070 1177 2103 memores]
1199 2081 1322 2097 nemores
1344 2073 1374 2096 B.
1449 2074 1545 2097 timore
1568 2076 1593 2097 et
1614 2070 1801 2103 veneratione]

151 2118 245 2142 timore
266 2125 316 2141 con
336 2115 391 2149 [fol.
408 2114 477 2145 1151)
497 2119 522 2140 et
541 2117 717 2140 veneratione
738 2116 768 2140 P.
834 2117 864 2139 19
885 2114 916 2146 si]
938 2117 973 2140 sit
994 2116 1024 2140 L.
1088 2118 1121 2141 20
1141 2118 1276 2141 sententia
1298 2117 1328 2141 R.
1348 2117 1379 2141 L.
1448 2118 1477 2141 21
1501 2115 1614 2147 sollerti]
1635 2117 1749 2141 solerter
1768 2117 1801 2141 B.

152 2163 184 2186 22
206 2170 238 2186 ne
252 2162 420 2193 —ineptum
439 2161 529 2185 desunt
547 2161 580 2185 B.
653 2169 702 2184 nec
724 2161 789 2192 quid
809 2168 964 2192 perversum
986 2160 1017 2184 B.
1091 2162 1124 2185 24
1145 2159 1315 2192 condemnet]
1338 2165 1510 2193 contempnet
1530 2161 1562 2185 B.

259 2215 411 2239 CXXXIII.
441 2215 473 2239 26
494 2212 530 2244 et]
552 2214 595 2239 vel
616 2214 648 2238 B.
671 2215 696 2238 C.
762 2215 793 2238 27
816 2212 968 2245 legi-ndum]
991 2218 1016 2238 et
1035 2214 1095 2238 add.
1116 2214 1146 2238 11³.
1211 2215 1243 2238 28
1263 2215 1395 2246 superbae
1417 2215 1448 2239 Η.
1468 2215 1499 2239 L.
1561 2216 1592 2239 2⁴.ae
1615 2215 1748 2239 lectiones
1769 2215 1801 2239 B.

153 2260 239 2283 doctis
260 2259 290 2283 B.
374 2260 460 2283 minos
480 2259 513 2283 B.
586 2258 680 2283 vellint
701 2258 733 2282 B.
817 2260 850 2282 30
870 2258 1061 2282 aedificatione
1083 2258 1112 2287 L,
1143 2259 1381 2283 aedificationibus
1402 2259 1433 2283 Β.
1515 2259 1699 2284 adolationem
1720 2259 1750 2283 L.
1772 2259 1803 2291 P,

107 2310 134 2328 40
153 2303 355 2329 adholationem
376 2303 406 2327 B.
481 2304 512 2328 31
534 2303 631 2328 doctae
652 2303 682 2327 L.

264 2404 291 2437 1)
319 2403 367 2437 Cf.
385 2403 482 2440 rcqula
501 2401 700 2439 Clzrorleyanffl'
722 2412 744 2429 c.
763 2403 798 2436 7}
823 2403 840 2429 l.
858 2403 875 2429 l.
896 2412 928 2438 p.
947 2403 974 2430 7.
1061 2402 1090 2433 2)
1118 2402 1166 2437 Cf.
1192 2403 1289 2439 reyztla
1306 2403 1453 2430 Benedicti
1476 2400 1512 2439 (e.
1530 2404 1566 2431 19
1591 2405 1632 2430 erl.
1659 2403 1802 2440 Il‘oelsssin

149 2468 180 2494 p.
199 2455 265 2493 31):
290 2457 404 2491 Ubique
422 2456 560 2483 credimus
578 2456 698 2482 divinam
717 2465 778 2483 esse
796 2456 986 2491 praesentiam
1005 2460 1032 2481 et
1050 2456 1142 2482 oculos
1158 2455 1275 2482 Domini
1297 2451 1345 2495 [in
1363 2456 1438 2483 ommi
1454 2451 1531 2495 loco]
1555 2457 1698 2493 speculari
1720 2456 1804 2483 bonos

154 2515 179 2538 et
202 2511 290 2537 malos
306 2507 404 2546 (Pron.
424 2510 469 2542 15,
487 2506 535 2545 3);
558 2510 675 2536 maxime
700 2513 795 2536 tamen
820 2510 870 2536 hot·
895 2510 954 2535 sine
975 2509 1067 2543 aliqua
1085 2509 1261 2536 dubitatione
1280 2510 1437 2540 credamus,
1463 2520 1524 2536 cum
1541 2511 1576 2536 ad
1593 2519 1663 2545 opus
1681 2511 1803 2535 divinum

154 2564 323 2591 adsistimus.
349 2563 417 2589 Ideo
434 2571 546 2597 semper
561 2571 698 2589 memores
715 2563 798 2588 simus
816 2563 889 2597 qnod
908 2563 945 2588 ait
964 2563 1117 2597 propheta:
1138 2562 1245 2589 Sey-vite
1263 2562 1384 2589 Domino
1401 2563 1427 2590 in
1446 2563 1542 2590 timore
1560 2561 1678 2598 ffl'salm.
1698 2566 1724 2595 7.),
1745 2560 1802 2597 Ilsly

107 2627 135 2645 45
156 2622 184 2645 et
201 2617 318 2644 iterum:
339 2616 454 2643 Psallite
470 2615 613 2651 sapienter
630 2612 748 2650 (Psalm.
765 2616 813 2643 46.
827 2613 869 2651 S),
889 2620 933 2641 ct:
954 2615 986 2642 In
1005 2619 1150 2651 conspecta
1167 2616 1330 2652 angelornm
1343 2617 1468 2652 psallam
1486 2616 1532 2643 tihi
1548 2614 1666 2650 (l'salm
1683 2616 1747 2645 1:57,
1764 2613 1802 2651 1).

155 2672 229 2705 Ergo
261 2670 479 2701 considerenms‚
512 2669 635 2703 qualiter
665 2673 792 2703 oporteat
826 2669 852 2694 in
884 2673 1037 2703 crmspectu
1069 2669 1222 2695 divinitatis
1253 2673 1281 2695 et
1312 2669 1475 2703 angelorum
1508 2670 1565 2695 cius
1598 2679 1676 2695 osso:
1710 2672 1738 2694 ot
1764 2668 1803 2693 sic

155 2728 260 2751 stemus
289 2724 323 2750 ad
356 2723 544 2758 psallendum,
576 2726 606 2747 ut
638 2731 717 2747 nwns
747 2725 842 2748 nostra
871 2722 1022 2748 concordet
1054 2722 1113 2748 voci
1145 2726 1268 2748 nostrae.
1363 2722 1392 2755 3)
1426 2721 1488 2749 ,Yon
1515 2721 1615 2748 inu-eni.
1709 2721 1738 2747 4‘1
1772 2721 1804 2747 Γ.

153 2776 238 2812 infra
262 2787 285 2804 c.
303 2777 369 2805 137.

210 2834 252 2855 LL.
266 2833 366 2853 Concilia
381 2834 411 2853 11.
1557 2835 1589 2858 52

1823 432 1982 456 1.c0r.14‚15.

1822 698 1888 718 Hebr.
1898 698 1916 722 1,
1927 698 1958 718 14.

1824 909 1857 929 Ps.
1868 910 1913 929 137.
1924 911 1941 929 1,

1823 1228 1983 1252 Ierem.4s,10.
