2242 3085
98 713 123 732 10

96 979 121 997 15

94 1245 120 1264 20

94 1512 120 1531 25

94 1851 120 1870 30

94 2143 121 2163 35

95 2374 122 2393 40

95 2594 123 2614 45

96 2816 124 2835 50

544 129 592 156 19.
630 128 847 156 CONCILIUM
871 129 1234 157 FRANCOFURTENSE
1260 131 1295 157 Α.
1318 131 1389 158 794.
1733 130 1791 159 131

144 223 212 253 eius
244 222 375 253 decreta
405 233 464 264 per
497 221 644 253 diversas
675 221 860 263 provincias
891 223 983 263 regni
1014 223 1082 252 eius
1119 223 1231 253 ditioni
1269 224 1430 255 subiectas
1467 237 1592 256 summa
1628 226 1792 257 celeritate

143 276 397 317 praecurrentia,
422 275 592 306 multitudo
618 275 797 306 antistitum
822 275 922 305 sacris
948 275 1201 317 obtemperando
1226 278 1409 318 praeceptis
1436 279 1465 308 in
1492 290 1554 308 uno
1581 279 1715 319 eulogio
1738 279 1792 310 ad-

143 334 278 370 gregata
303 329 463 360 convenit.
508 328 657 367 Quadam
683 328 734 359 die
759 328 975 359 residentibus
1001 329 1125 359 cunctis
1150 329 1181 359 in
1208 329 1281 359 aula
1306 331 1389 360 sacri
1415 331 1535 372 palatii„
1562 332 1792 364 adsistentibus

143 382 175 412 in
199 381 330 412 modum
355 392 493 412 coronae
524 381 734 423 presbyteris,
767 381 958 412 diaconibus
991 387 1172 423 cunctoque
1199 382 1294 415 01010,
1328 383 1386 414 sub
1419 386 1602 425 praesentia
1634 386 1791 426 praedicti

143 435 298 476 principis
324 434 421 465 allata
445 440 493 465 est
518 434 654 476 epistola
673 435 772 465 missa
794 434 834 464 ab
853 434 1024 476 Elipando,
1050 440 1182 466 auctore
1200 435 1336 466 inhormi
1355 438 1485 478 negotii,
1512 438 1680 468 'l'olitanae
1706 439 1791 469 sedis

143 488 283 518 antistite
304 487 503 530 Hispaliensi
527 488 682 518 finitimae
708 488 782 518 ruri.
821 488 967 530 Cumque
992 487 1122 519 iubente
1149 500 1224 529 rege
1251 488 1380 530 publica
1404 501 1484 520 voce
1510 492 1642 521 recitata
1668 492 1790 525 fuiss-ot.

142 542 314 583 statimque
339 552 474 583 surgens
504 540 702 571 venerabilis
734 541 885 582 princeps
917 541 956 571 de
989 541 1067 571 sella
1092 542 1182 580 regia
1207 543 1294 572 stetit
1319 554 1416 583 supra
1441 544 1576 584 gradum
1602 557 1703 579 suum,
1737 546 1790 576 ad-

142 594 265 625 locutus
292 600 340 625 est
365 594 404 625 de
430 606 528 625 eausa
551 594 648 624 fidaei
673 594 799 635 prolixo
824 606 970 625 sermone
996 600 1027 624 et
1052 594 1187 625 adiecit:
1215 595 1313 634 ‘Quid
1331 595 1423 625 vobis
1441 596 1593 627 videtur?
1630 598 1681 628 Ab
1707 610 1790 629 anno

142 659 272 689 prorsus
297 648 470 689 praeterito
495 653 527 678 et
551 659 592 678 ex
617 659 679 689 quo
705 648 812 689 eoepit
836 647 930 678 huius
955 649 1054 689 pestis
1079 649 1205 678 insania
1229 654 1428 679 tumescente
1454 650 1608 690 perfidiae
1635 651 1706 681 ulcu
1733 652 1790 682 dit'-

141 701 243 731 fusius
268 700 429 736 ebullisse,
461 712 525 731 non
556 712 675 742 parvus
707 701 739 731 in
764 701 812 731 his
837 700 1034 742 regionibus,
1066 701 1142 732 licet
1173 702 1205 732 in
1238 703 1390 732 extremis
1422 703 1540 733 tinibus
1566 705 1655 745 regui
1681 706 1790 739 nostri,

142 765 231 785 error
261 753 403 793 inolevit,
436 765 531 796 quem
563 765 700 785 censura
730 754 828 785 fidaei
859 765 991 785 neeesse
1025 760 1073 785 est
1103 755 1206 785 modis
1239 755 1387 786 omnibus
1419 755 1588 787 10500111οῙ
1645 758 1790 799 (1011111110

140 808 308 849 inprecata
332 813 363 838 et
388 818 543 838 concessa
568 813 652 838 esset
676 819 803 838 morosa
828 807 938 838 dilatio
964 819 1021 849 per
1046 808 1114 838 dies
1139 808 1271 850 aliquot,
1302 808 1423 850 placuit
1448 810 1516 840 eius
1541 811 1790 849 mansuetudini,

140 866 175 891 ut
199 861 430 903 unusquisque,
464 861 618 903 quicquid
650 861 773 903 ingenii
805 866 903 903 captu
934 861 1052 892 rectius
1085 862 1203 892 sentire
1234 863 1401 903 potuisset,
1434 874 1491 904 per
1515 874 1624 894 sacras
1650 864 1790 905 syllabas

141 913 193 944 die
230 920 347 945 statuto
384 915 453 945 eius
489 914 680 945 elementiae
717 914 859 945 oblatum
896 915 943 946 sui
980 915 1120 956 pectoris
1152 915 1247 945 fidaei
1279 927 1394 946 munus
1426 916 1488 946 stili
1520 917 1643 947 ferculo
1675 919 1790 948 mentis

140 967 315 998 vivacitate
340 967 491 998 deferret.
529 967 594 999 Sed
612 968 694 998 sicut
711 980 779 999 mos
804 973 852 998 est
877 968 1028 999 hereticis
1054 969 1156 999 tristia
1181 968 1283 1008 laetis,
1309 969 1417 1000 dulcia
1442 971 1637 1011 permiscere
1662 972 1789 1007 amaris,

139 1021 257 1051 veneni
282 1021 433 1063 poculum
458 1021 561 1052 mellis
586 1033 701 1063 sapore
726 1027 918 1063 temperare,
945 1021 1104 1063 quaedam
1126 1023 1157 1052 in
1176 1022 1289 1052 eadem
1309 1023 1444 1064 epistola
1468 1023 1563 1065 plena
1580 1023 1790 1065 blasphemiis

141 1079 172 1105 et
196 1074 374 1105 catholicae
399 1074 497 1105 fidaei
522 1080 651 1116 reperta
675 1080 749 1105 sunt
773 1075 876 1105 modis
902 1074 1050 1105 omnibus
1076 1076 1216 1109 inimica,
1243 1076 1403 1117 quaedam
1428 1088 1516 1115 vero,
1543 1078 1569 1107 si
1594 1077 1658 1107 dici
1684 1077 1789 1114 liceat,

140 1128 278 1158 inveniri
309 1133 459 1169 poterant
488 1139 552 1158 non
583 1127 757 1158 reicienda.
807 1128 872 1159 Sed
903 1129 935 1159 in
967 1128 1081 1159 codem
1113 1129 1238 1170 poculo,
1271 1130 1303 1159 in
1335 1141 1397 1171 quo
1429 1135 1519 1171 gutta
1544 1132 1660 1161 veneni
1686 1131 1792 1162 infusa

139 1181 305 1222 turgescit,
334 1181 437 1212 mellis
461 1181 668 1212 nihilominus
693 1181 865 1212 amarescit
890 1181 1037 1212 dulcedo.

247 1234 454 1276 Quapropter
478 1246 538 1276 ego
563 1234 729 1273 Paulinus,
761 1234 837 1265 lieet
868 1234 1018 1276 indignus
1050 1240 1202 1276 peccator
1233 1237 1438 1278 omniumque
1465 1249 1630 1268 servorum
1658 1238 1791 1269 Domini

138 1287 268 1318 ultimus
297 1299 419 1327 servus,
450 1287 649 1329 Aquilicnsis
681 1287 767 1318 sedis
792 1288 954 1330 Hisperiis
986 1289 1049 1319 oris
1081 1288 1261 1324 adcinctae,
1294 1290 1345 1320 cui
1370 1290 1442 1320 Deo
1474 1297 1604 1321 auctore
1630 1291 1789 1331 deservio,

139 1342 278 1381 nomine,
310 1353 374 1372 non
404 1341 517 1372 merito
542 1341 681 1383 praesul,
713 1341 800 1372 una*
830 1353 901 1372 011111
934 1342 1194 1373 reverentissimo
1227 1348 1258 1373 et
1289 1344 1376 1373 0111111
1407 1343 1527 1374 honore
1560 1344 1657 1385 digno
1682 1345 1789 1381 Petro,

139 1394 392 1425 Mediolanensis
418 1394 503 1425 sedis
529 1394 786 1436 archiepiscopo,
813 1395 1002 1436 cunctisque
1028 1406 1100 1426 cum
1127 1395 1258 1437 collegis
1283 1396 1437 1427 fratribus
1455 1402 1486 1427 ct
1505 1398 1790 1429 consacerdotibus

139 1449 256 1479 nostris
287 1448 451 1489 Liguriae,
483 1447 646 1487 Austriae,
684 1448 868 1489 Hisperiae,
894 1448 1043 1487 Ymiliae,
1082 1449 1312 1480 catholicarum
1349 1449 1558 1481 ecelesiarum
1596 1452 1790 1482 venerandis

139 1500 354 1543 praesulibus,
386 1501 478 1532 iuxta
508 1501 626 1532 exilem
658 1501 898 1542 intellegentiae
930 1507 1059 1532 nostrae
1091 1503 1278 1533 tenuitatem
1311 1508 1421 1534 sancto
1447 1504 1641 1545 perdocente
1669 1505 1790 1546 Spiritu

140 1554 247 1591 eorde,
275 1554 394 1596 lingua,
421 1554 492 1585 stilo
518 1560 631 1585 eontra
656 1565 766 1585 eorum
790 1555 951 1589 vesanias,
977 1556 1033 1597 qui
1049 1561 1156 1586 rectae
1174 1555 1270 1586 fidaei
1289 1562 1362 1587 sunt
1379 1557 1567 1589 adversarii.
1593 1558 1790 1600 respondere

139 1619 202 1639 non
227 1608 448 1648 formidamus,
482 1619 554 1639 cum
589 1608 630 1638 sit
660 1613 773 1638 sancta
798 1614 829 1639 et
853 1608 1046 1639 universalis
1071 1609 1211 1640 ecelesia
1236 1621 1332 1651 super
1355 1610 1480 1640 firmam
1505 1611 1711 1642 nihilominus
1744 1612 1789 1641 111-

134 1660 299 1692 'mobiliter
322 1661 457 1692 fundata
481 1667 607 1703 petram
639 1666 670 1692 et
700 1667 812 1703 portae
844 1661 939 1692 inferi
969 1668 1132 1704 nequeant
1156 1662 1324 1704 prevalere
1350 1663 1506 1694 adversus
1533 1676 1613 1694 eam.
1654 1665 1789 1695 Verum-

138 1719 246 1745 tamen
279 1715 355 1756 quia
386 1715 419 1745 in
450 1715 532 1746 mari
563 1715 657 1746 huius
689 1714 809 1746 saeculi
842 1715 1016 1746 constituta
1045 1716 1199 1757 persistit,
1232 1716 1378 1746 adversis
1410 1716 1624 1748 hereticorum
1649 1717 1789 1756 flatibus,

249 1840 274 1873 >¹³)
302 1846 351 1870 Pro
374 1853 429 1870 una
454 1859 493 1862 —
519 1845 695 1878 praesulibus
719 1846 750 1876 (l.
770 1845 813 1876 25)
828 1847 950 1878 praebent
969 1846 1070 1870 P1.·2.·
1098 1854 1159 1871 cum
1181 1845 1295 1880 collegis
1316 1846 1432 1872 dominis
1456 1850 1484 1872 et
1509 1847 1642 1873 fratribus
1667 1848 1744 1874 meis.

138 1958 267 1989 principis
288 1958 377 1981 domui
393 1957 484 1981 Caroli
507 1957 618 1982 (Carolo
634 1957 674 1986 Μ)
697 1957 865 1989 gloriosique
886 1959 965 1989 regiS,
986 1966 1056 1982 anno
1077 1958 1235 1982 felicissimo
1258 1960 1334 1990 regui
1355 1960 1413 1983 eius
1434 1960 1532 1983 XXVI.
1554 1964 1579 1984 et
1599 1961 1655 1984 XX.
1683 1961 1789 1985 Placuit

140 2002 222 2033 igitur
241 2006 336 2026 sancto
357 2002 566 2033 venerandoque
587 2001 714 2030 concilio,
742 2006 874 2033 quatenus
902 2002 945 2026 hie
972 2002 1079 2026 libellus
1107 2011 1156 2034 pro
1177 2011 1260 2027 causa
1287 2003 1348 2027 fidei
1377 2004 1409 2028 ad
1431 2005 1584 2035 provincias
1605 2005 1737 2029 Gallu-iae
1759 2015 1789 2029 m·

141 2047 302 2078 Spaniarum
323 2047 391 2070 mitti
413 2047 524 2071 deberet
545 2047 577 2071 ad
598 2046 675 2075 (deest
697 2047 730 2070 M.
751 2047 781 2076 If,
801 2047 884 2078 suppl.
904 2056 915 2070 e
934 2046 1010 2073 coni.)
1029 2048 1126 2071 noxios
1148 2049 1309 2072 resecandos
1331 2057 1443 2075 errores,
1468 2049 1626 2081 specialiter
1646 2054 1735 2074 autem
1757 2051 1790 2074 ad

140 2090 312 2122 Elipandum,
342 2090 468 2115 Tolitane
500 2090 651 2117 (Tolitanae
682 2090 714 2120 Ιί)
741 2092 813 2115 sedis
842 2092 1012 2123 episcopum,
1047 2092 1073 2115 111
1103 2100 1156 2122 quo
1186 2093 1273 2116 omnis
1303 2093 1380 2117 huius
1410 2095 1512 2125 negotii
1543 2098 1648 2118 constat
1678 2096 1791 2118 materia

140 2136 314 2167 questionum
334 2135 369 2159 M.
391 2135 421 2165 R,
443 2136 476 2159 In
495 2137 604 2160 nominc
624 2137 707 2167 patris
728 2139 754 2160 et
775 2135 822 2159 tilii
843 2139 870 2160 et
890 2136 1006 2168 Spiritus
1025 2137 1112 2160 sancti
1135 2136 1158 2159 I’
1169 2139 1190 2160 1.

249 2190 259 2213 1
289 2186 410 2220 decreta]
438 2190 471 2213 (le
499 2193 590 2213 cet-era
610 2189 640 2213 R.
733 2191 747 2213 2
774 2190 1010 2221 praecurrentibus
1031 2189 1086 2213 Pl.
1179 2191 1335 2214 antestitum
1358 2191 1413 2215 ΡΞ.
1506 2193 1520 2215 5
1548 2193 1629 2216 missa
1648 2193 1713 2217 demi!
1734 2193 1790 2217 I'J.

140 2233 281 2265 Elepando
302 2233 358 2257 Pl.
438 2234 553 2258 inhormi
573 2231 687 2265 negotii]
707 2234 743 2257 ita
764 2234 799 2263 M,
826 2234 941 2257 inhermi
961 2235 1063 2265 negotii
1084 2234 1115 2263 R,
1144 2235 1243 2258 noxii
1267 2235 1423 2260 sceleris
1444 2236 1500 2260 Pl.
1516 2238 1539 2260 2.
1613 2237 1737 2261 Το11111110
1760 2238 1790 2262 11.

140 2277 287 2302 Toletanae
308 2278 404 2302 Ρ1.;).
478 2279 492 2302 6
514 2279 629 2302 antistiti
650 2278 686 2308 M,
706 2278 1029 2310 pseudoepiscopo
1050 2278 1145 2302 P1.·.›.
1212 2278 1390 2311 Hispaliensi]
1414 2281 1589 2312 Hispaniensi
1611 2282 1666 2305 P1.
1733 2282 1789 2306 fini-

141 2322 222 2347 timae
236 2320 300 2353 ruri]
321 2323 474 2347 termino
496 2323 764 2355 circumseptae
788 2322 808 2353 (-
817 2320 842 2353 a)
864 2323 888 2346 P
899 2325 919 2346 1.
934 2324 957 2347 2.
1013 2331 1076 2354 rege
1093 2323 1159 2347 <lem
1174 2323 1219 2347 Pl
1286 2325 1300 2348 7
1321 2323 1473 2356 statimque]
1490 2326 1581 2349 statim
1598 2326 1653 2350 Pl.
1709 2325 1789 2357 stetit]

141 2367 227 2391 astitit
246 2367 303 2391 1³1.
385 2365 475 2399 supra]
496 2375 579 2399 super
599 2368 630 2391 R.
651 2367 707 2391 122.
790 2364 945 2398 adlocutus]
967 2370 992 2391 01
1012 2367 1145 2391 allocutus
1166 2367 1222 2391 ΡΙ.
1310 2370 1325 2392 9
1350 2367 1424 2400 ulcu]
1449 2370 1485 2393 ita
1507 2370 1540 2394 M.
1562 2370 1592 2396 R,
1621 2370 1712 2394 1110010
1734 2371 1790 2396 I’l.

142 2411 218 2436 ulcus
240 2411 263 2435 P
273 2414 295 2435 2.
371 2413 403 2436 10
424 2409 561 2442 ebullisse]
583 2411 699 2436 ebulisse
719 2412 751 2441 R,
773 2411 886 2436 ebullire
908 2410 1002 2435 Ρ1.·.).
1078 2411 1141 2436 lieet
1161 2425 1196 2428 ἡ
1214 2413 1312 2437 finibus
1332 2413 1421 2438 desunt
1443 2414 1471 2438 Ῐί.
1547 2416 1629 2439 nostri
1649 2415 1714 2439 dmi
1735 2416 1789 2439 ΙἸ.

143 2458 172 2481 11
195 2454 279 2487 error}
300 2456 428 2481 horror
448 2456 503 2480 Pl.
519 2458 541 2480 2.
618 2457 648 2480 12
670 2453 785 2488 aliquot]
805 2456 918 2488 aliquos,
938 2456 980 2480 vel
997 2459 1061 2488 quot
1080 2465 1201 2488 superam.
1222 2457 1277 2487 Pl,
1299 2457 1404 2489 aliquos
1426 2459 1450 2482 P
1459 2462 1481 2484 1.),
1549 2461 1579 2483 14
1600 2460 1643 2483 sui
1662 2458 1788 2491 pectoris]

140 2501 177 2525 ita
196 2501 232 2530 M,
261 2501 289 2525 iu
308 2501 351 2525 sui
372 2501 488 2533 pectoris
509 2501 540 2525 If.
561 2500 617 2530 P1,
647 2502 688 2525 sui
709 2509 756 2525 eor
776 2501 895 2533 pectoris
916 2501 971 2525 1²2.
1058 2509 1154 2526 munus
1174 2515 1208 2517 —
1228 2502 1318 2526 dulcia
1337 2503 1366 2530 (l.
1387 2501 1430 2532 15)
1448 2503 1537 2527 desunt
1558 2503 1592 2528 M.
1678 2506 1707 2529 15
1732 2514 1790 2536 per-

142 2543 265 2576 miscere]
287 2546 477 2577 pertimescere
499 2545 529 2575 R,
549 2546 705 2576 permisceri
726 2545 782 2569 Ρ]-
798 2547 820 2569 ·.’.
897 2546 927 2570 17
948 2546 969 2569 si
991 2546 1045 2569 dici
1066 2544 1156 2575 liceat]
1178 2547 1200 2570 51
1220 2546 1330 2570 diliceat
1352 2547 1380 2576 H,
1401 2547 1523 2572 desunt
1543 2548 1566 2572 P
1577 2551 1598 2572 J.
1614 2552 1637 2572 2.
1713 2551 1743 2572 1⁸
1765 2551 1789 2573 iu

141 2597 194 2621 quo
212 2603 247 2606 —
267 2589 354 2615 mellis
374 2589 463 2614 desunt
484 2590 514 2614 Ιί.
598 2591 629 2614 19
649 2587 837 2621 nihilominus]
859 2591 944 2613 minus
966 2590 996 2614 R.
1080 2591 1112 2614 20
1133 2594 1295 2622 quopropter
1316 2591 1346 2620 R,
1365 2592 1503 2623 praemittit
1522 2593 1559 2616 I':
1585 2594 1629 2617 Ex
1658 2593 1790 2617 libello

141 2634 232 2658 fidei
260 2634 406 2658 Paulini
435 2634 647 2666 patriarche
675 2637 708 2658 et
734 2634 835 2658 Petri
864 2634 1142 2666 archiepiscopi
1172 2638 1300 2659 contra
1328 2635 1539 2667 Elipandum
1570 2641 1602 2661 et
1633 2637 1790 2662 Felicem

142 2679 338 2703 hereticos.
425 2680 454 2703 21
478 2676 654 2710 Aquiliensis]
674 2679 709 2702 ita
730 2679 765 2707 M,
794 2678 979 2710 Aquiligensis
998 2683 1051 2702 cett.
1137 2679 1278 2710 llysperiis
1300 2680 1329 2704 [ι’.
1352 2680 1406 2709 Ι”.),
1428 2681 1566 2713 Hesperiis
1587 2682 1642 2705 I'J.
1726 2680 1790 2714 oris]

143 2724 214 2748 horis
234 2723 265 2747 R.
357 2721 510 2754 adcinctae]
533 2724 656 2747 accincta
677 2723 733 2747 1²1.
748 2726 771 2747 2.
860 2724 892 2747 23
914 2731 974 2747 cum
994 2723 1059 2747 deene
1079 2723 1109 2747 Iz'.
1195 2725 1227 2748 24
1248 2724 1373 2748 Austriae
1393 2725 1457 2749 deest
1478 2726 1508 2749 Η.
1590 2727 1737 2758 llysporine
1762 2728 1789 2751 ΙΙ,

142 2765 265 2799 Ymiliae]
287 2767 423 2799 Hymiliae
444 2767 474 2791 P.
565 2769 598 2792 25
624 2765 744 2798 nostrae]
771 2776 865 2792 meae
887 2767 942 2791 Pl.
958 2770 981 2791 2.
1073 2769 1105 2792 ‘27
1133 2768 1316 2798 formidamus]
1337 2769 1380 2792 lmc
1404 2769 1472 2793 rerba)
1493 2770 1517 2793 I'
1533 2770 1607 2798 sistit,
1636 2771 1789 2794 formido

144 2812 200 2836 Pl.
215 2814 237 2836 2.
321 2814 353 2837 29
374 2813 501 2844 persistat
521 2812 577 2836 P2.
652 2812 772 2836 adversis
793 2812 972 2836 hereticorum
993 2810 1109 2843 flatibus]
1131 2812 1259 2836 adversus
1280 2813 1304 2836 h.
1325 2814 1404 2836 flatus
1426 2814 1460 2837 M.

1528 2864 1576 2892 17*

1809 1661 1837 1682 ef.
1846 1662 1923 1682 Matth.

1831 1689 1863 1712 1⁴3,
1874 1689 1906 1708 18.
