2242 3085
116 702 141 721 10

114 969 138 988 15

113 1235 140 1254 20

114 1501 140 1519 25

116 1767 142 1786 30

117 2034 142 2054 35

117 2357 143 2375 ΔΟ

117 2577 143 2596 45

579 116 628 144 39.
667 116 884 144 CONCILIUM
908 115 1235 147 AQUISGRANENSE
1260 116 1296 142 A.
1318 116 1391 143 816.
1745 113 1809 144 435

160 216 226 243 liter
249 224 412 250 pomposum
443 218 492 241 aut
523 214 699 249 periculosae
732 214 893 249 elegantem
923 213 1028 240 habere
1061 217 1235 240 consuescat.
1283 214 1447 240 Lectionem
1472 218 1521 240 aut
1545 214 1607 248 ipsa
1630 214 1808 248 frequentius

160 269 239 303 legat
270 272 318 295 aut
348 268 470 303 legentis
501 268 590 295 verba
620 271 681 294 tota
711 267 834 302 pectoris
865 267 1001 293 aviditate
1033 266 1178 300 suscipiat.
1232 266 1277 292 De
1313 267 1412 293 divinis
1448 267 1646 301 scripturarum
1683 268 1808 294 fontibus

160 322 264 357 iugiter
288 330 388 356 aquam
412 321 511 347 salutis
534 321 655 353 hauriat,
680 320 756 347 illam
779 320 889 354 utique,
915 321 951 346 de
977 328 1032 354 qua
1048 319 1184 345 Dominus
1202 319 1286 345 dicit:
1315 318 1372 349 Qui
1395 319 1483 346 credit
1505 319 1531 346 in
1558 330 1607 353 me,
1627 320 1750 356 flumina
1775 321 1809 347 de

159 378 254 402 ventre
278 373 334 401 eius
351 374 445 411 fluent
466 383 558 410 aquae
581 373 669 401 vivae.
706 374 751 400 De
775 373 908 408 paradysi
933 373 1017 400 etiam
1041 372 1165 404 floribus,
1191 373 1241 398 hoc
1268 376 1311 398 est.
1335 377 1492 399 sanctarum
1517 374 1718 407 scripturarum
1742 383 1807 400 sen-

159 427 246 459 sibus,
277 427 369 453 anima
399 430 496 453 sancta
526 436 556 454 se
588 427 691 461 iugiter
721 435 820 452 ornare
853 425 1017 452 contendat.
1065 425 1107 450 Ex
1137 425 1204 459 ipsis
1235 426 1391 459 praetiosas
1421 427 1585 459 margaritas
1613 427 1726 453 auribus
1751 427 1807 453 suis

159 480 355 507 indesinenter
385 480 540 515 appendat.
585 480 626 506 Ex
650 480 716 514 ipsis
741 479 838 506 anulos
870 482 899 506 et
930 478 1078 510 dextralia,
1111 478 1176 503 dum
1208 482 1323 504 exercet
1348 488 1434 513 opera.
1457 480 1539 511 bona,
1573 480 1623 505 sibi
1656 485 1806 515 conponat.

158 533 201 560 Ibi
224 533 371 559 vulnerum
395 533 611 565 medicamenta,
636 533 673 558 ibi
699 532 838 558 castitatis
869 535 1004 563 aromata,
1035 532 1074 558 ibi
1105 532 1318 565 conpunctionis
1348 532 1512 558 holocausta
1542 533 1678 567 requirat.
1727 533 1806 563 Quae

159 595 225 613 vero
248 587 413 621 religionem
436 586 604 612 inmaculato
629 586 712 612 corde
739 588 768 611 et
792 594 862 619 puro
886 593 1001 619 corpore
1026 593 1192 611 conservare
1210 585 1365 614 desiderat,
1390 588 1438 611 aut
1454 595 1602 619 numquam
1621 587 1647 611 in
1665 587 1807 620 publicum

159 643 208 666 aut
239 643 316 667 certe
348 639 457 666 nonnisi
487 647 537 674 pro
568 639 667 673 grandi
700 641 728 665 et
756 638 913 665 inevitabili
944 638 1115 664 necessitate
1146 638 1293 672 procedat.
1348 638 1454 671 Nolite,
1489 648 1595 672 ‹piacso
1626 648 1684 671 vos,
1720 640 1806 666 nolite

160 693 381 727 quibuscumque
413 695 461 718 aut
492 692 666 718 occasionem
698 691 765 717 dare
797 695 845 717 aut
875 691 1093 717 familiaritatem
1125 691 1262 718 tribuere.
1311 690 1390 721 Quae
1423 700 1488 717 vero
1520 692 1665 717 libidinem
1696 692 1806 719 Christo

159 746 310 773 adiuvante
342 746 485 772 desiderat
511 745 624 771 vincere
656 744 876 771 familiaritatem
908 745 996 771 debet
1021 744 1165 779 refugere,
1192 748 1220 770 et
1246 754 1317 779 quae
1342 745 1485 779 indignam
1510 745 1728 771 familiaritatem
1752 755 1807 772 non

159 799 298 834 spreverit
322 802 371 825 aut
395 808 425 825 se
450 801 499 825 aut
523 798 607 824 alium
631 798 686 824 cito
710 798 824 832 perdet.
872 797 929 824 Sed
954 798 1027 823 forte
1053 798 1121 823 dicit
1145 798 1254 832 aliqua:
1289 798 1368 824 ‘Ideo
1397 797 1616 824 familiaritatem
1640 807 1695 824 non
1719 799 1806 833 fugio,

159 853 224 887 quia
247 852 309 879 volo
332 852 438 879 habere
463 852 537 886 quod
556 851 664 877 vincam
689 854 717 878 et
735 851 924 878 adversarium
948 860 1039 877 meum
1065 851 1146 885 cupio
1171 854 1270 878 tenere
1297 850 1460 886 captivum'.
1497 851 1582 883 Vide,
1607 861 1641 877 nc
1660 856 1757 878 contra
1777 856 1805 878 te

158 905 333 933 adversarius
358 905 473 939 incipiat
497 905 648 937 rebellare,
680 905 756 937 vide,
788 914 822 931 ne
854 908 883 930 te
909 905 993 931 ducat
1023 905 1171 939 captivitas
1196 905 1250 931 ista
1279 905 1428 939 captivam.
1476 904 1550 930 Audi
1583 905 1738 939 apostolum
1763 906 1805 931 di-

158 962 286 986 centem:
314 957 415 995 cmyite
431 957 665 992 fornicationem.
706 957 835 992 Reliquis
859 958 933 984 vitiis
958 961 1070 992 oportet
1094 967 1144 984 nos
1168 958 1241 984 omni
1264 958 1369 984 virtute
1394 958 1545 990 resistcre,
1572 958 1715 984 libidinem
1739 967 1806 984 vero

157 1020 213 1039 non
238 1012 352 1046 expedit
376 1020 547 1046 repugnare,
572 1012 623 1038 sed
647 1011 758 1046 fugere.
806 1011 875 1037 Esto
901 1020 967 1046 ergo
992 1011 1116 1037 libidinis
1140 1010 1269 1045 fugitiva,
1295 1011 1316 1037 si
1339 1011 1380 1036 vis
1406 1020 1467 1037 esse
1493 1011 1632 1037 castitatis
1657 1012 1807 1046 pugnatrix

159 1065 282 1100 egregia.
330 1064 387 1091 Sed
412 1065 487 1099 quod
511 1065 567 1091 dixi
591 1065 744 1099 diligenter
775 1065 935 1091 adtendite.
988 1063 1108 1094 Quando
1133 1064 1218 1090 solam
1243 1064 1365 1098 aliquam
1393 1064 1516 1090 libidinis
1542 1065 1668 1090 stimulus
1700 1065 1808 1096 incitat,

159 1118 270 1145 Christo
301 1118 453 1145 adiuvante
484 1121 594 1152 pugnet
627 1122 762 1152 quantum
793 1118 939 1152 praevalet
971 1121 1069 1144 contra
1100 1126 1140 1150 se,
1179 1118 1245 1152 quia
1274 1126 1329 1144 non
1365 1117 1452 1143 habet
1489 1126 1543 1151 quo
1578 1118 1666 1152 possit
1697 1118 1809 1152 fugere.

159 1171 280 1202 Quando
296 1180 364 1198 vcro
380 1180 432 1205 per
448 1171 564 1197 alterius
582 1171 761 1198 sodalitatem
777 1172 999 1205 oportunitatem
1016 1171 1170 1205 voluptatis
1188 1171 1314 1197 diabolus
1331 1171 1535 1203 subministrat,
1561 1171 1647 1205 ipsam
1666 1171 1809 1197 familiari-

158 1229 257 1257 tatem,
283 1228 417 1259 quautum
442 1224 598 1259 praevalet,
624 1228 654 1250 ut
680 1225 807 1257 diximus,
832 1225 923 1250 anima
947 1228 1045 1250 saneta
1068 1224 1202 1259 refugiat.
1251 1223 1308 1250 Sed
1333 1228 1363 1250 ut
1390 1224 1460 1250 haec
1490 1225 1581 1250 omnia
1605 1233 1717 1250 servare
1743 1233 1808 1258 pos-

159 1279 253 1310 simus,
278 1278 478 1304 abstinentiam
502 1278 698 1304 rationabilem
722 1281 881 1310 teneamus,
907 1278 973 1312 quia
996 1286 1064 1304 vera
1089 1281 1132 1304 est
1153 1277 1226 1303 illius
1243 1278 1409 1303 sanctissimi
1426 1278 1475 1303 viri
1501 1278 1660 1304 sententia:
1689 1275 1810 1303 *Proutl

159 1331 329 1358 continueris
346 1334 485 1364 ventrem,
510 1332 549 1357 ita
574 1334 602 1357 et
622 1340 779 1357 venenosos
804 1335 895 1357 motus
921 1330 1001 1357 eius'.
1038 1331 1235 1357 Humilitatem
1261 1331 1344 1357 etiam
1369 1340 1473 1363 veram,
1499 1335 1634 1365 quantum
1652 1340 1809 1365 possumus,

159 1393 366 1411 conservemus.
402 1384 465 1411 Non
487 1385 560 1411 enim
585 1385 632 1410 diu
656 1385 745 1410 carnis
771 1385 919 1419 integritas
943 1388 1082 1416 servatur,
1107 1385 1154 1410 ubi
1179 1384 1286 1410 animus
1311 1385 1461 1418 superbiae
1487 1388 1595 1410 tumore
1614 1384 1809 1418 corrumpitur,

159 1438 312 1473 praecipue
338 1438 359 1463 si
385 1438 546 1464 iracundiae
571 1438 681 1463 flamma
705 1438 883 1472 frequentius
909 1438 1008 1472 surgit,
1041 1438 1179 1463 castitatis
1212 1441 1240 1463 et
1272 1437 1440 1472 virginitatis
1472 1437 1555 1463 flores
1584 1437 1638 1463 cito
1663 1437 1810 1463 consumit.

161 1492 246 1518 Casta
270 1491 343 1517 enim
369 1494 397 1517 et
422 1491 485 1517 Deo
510 1491 614 1517 devota
638 1491 729 1516 anima
752 1500 806 1516 non
831 1491 919 1516 solum
945 1494 1150 1523 extraneorum,
1176 1491 1226 1516 sed
1252 1491 1336 1517 etiam
1361 1494 1510 1525 parentum
1534 1500 1645 1516 suorum
1670 1490 1811 1516 familiari-

160 1548 249 1571 tatem
272 1545 378 1571 habere
403 1553 458 1571 non
483 1544 581 1570 debet.
630 1543 658 1570 Si
684 1544 756 1570 enim
781 1553 856 1576 vasa,
882 1553 955 1578 quae
986 1544 1107 1570 eclesiae
1140 1544 1307 1570 offeruntur.
1339 1547 1370 1569 ut
1402 1544 1429 1569 in
1461 1544 1645 1570 sacrosanctis
1678 1543 1812 1570 altaribus

161 1601 311 1633 ponantur,
336 1601 434 1624 sancta
458 1598 493 1623 ab
518 1598 645 1623 omnibus
670 1597 851 1632 appellantur
876 1602 903 1624 et
929 1597 1009 1623 nefas
1035 1602 1088 1629 cst,
1114 1600 1144 1623 ut
1168 1598 1204 1623 ab
1222 1597 1327 1624 eclesia
1343 1598 1518 1631 postmodum
1535 1598 1569 1623 ad
1588 1598 1698 1623 domum
1715 1597 1812 1623 laicam

161 1656 331 1678 revocentur
355 1655 403 1677 aut
429 1651 524 1677 usibus
548 1650 675 1676 humanis
700 1654 846 1685 aptentur,
878 1654 972 1685 putas,
1006 1653 1119 1685 qualem
1144 1651 1311 1685 dignitatem
1336 1651 1411 1685 apud
1436 1651 1527 1677 Deum
1552 1650 1637 1676 habet
1663 1650 1753 1676 anima
1777 1651 1813 1676 ad

162 1705 221 1731 eius
245 1705 393 1739 imaginem
418 1704 589 1739 procreata?
626 1703 703 1730 Sicut
730 1712 796 1738 ergo
821 1713 887 1730 vasa
911 1708 1010 1730 sancta
1033 1704 1158 1730 humanis
1182 1704 1278 1730 usibus
1303 1704 1407 1730 servire
1431 1713 1482 1730 nec
1499 1708 1618 1737 possunt
1635 1713 1687 1729 ncc
1706 1704 1812 1730 delient

161 1759 196 1785 de
229 1758 332 1785 eclesia
362 1758 497 1790 revocari,
529 1758 567 1784 sic
599 1757 758 1792 religiosam
790 1758 947 1792 quampiam
978 1766 1032 1783 non
1065 1760 1188 1791 oportet,
1219 1766 1274 1783 11011
1305 1757 1400 1785 decet.
1434 1765 1487 1782 non
1519 1757 1633 1791 cxpedit
1663 1760 1813 1791 parentum

161 1821 272 1838 suorum
296 1811 389 1837 multis
413 1811 630 1845 obligationibus
654 1811 788 1845 implicari
814 1814 863 1837 aut
888 1820 1126 1845 quorumcumque
1152 1814 1349 1837 extraneorum
1365 1810 1519 1844 pernitiosa
1536 1810 1727 1836 familiaritate
1746 1819 1812 1836 con—

161 1865 270 1899 stringi.
316 1864 389 1890 Illud
414 1867 481 1890 ante
512 1864 604 1890 onmia
627 1873 781 1896 ammoneo,
813 1868 845 1890 ut
876 1864 1070 1890 aemulationis
1101 1864 1204 1890 malum
1235 1864 1315 1898 quasi
1346 1872 1486 1889 venenum
1518 1864 1663 1897 vipereum
1694 1863 1811 1897 fugiatis

162 1921 191 1945 et
215 1918 255 1944 ita
278 1918 353 1944 inter
376 1926 424 1944 vos
449 1917 574 1944 caritatis
598 1917 778 1943 dulcedinem
804 1917 987 1949 conservetis,
1014 1922 1043 1943 ut
1069 1918 1147 1943 vobis
1172 1918 1290 1944 invicem
1314 1926 1366 1951 per
1390 1922 1487 1943 sancta
1511 1917 1660 1950 conloquia
1689 1917 1811 1942 medica-

161 1975 257 1998 menta
288 1971 425 2005 spiritalia.
456 1971 642 2005 praeparetis.
697 1970 767 1996 Sunt
800 1971 883 2002 enim,
921 1971 995 2005 quod
1027 1971 1108 2004 peius
1139 1974 1192 1999 est.
1225 1971 1348 2004 aliquae,
1386 1979 1469 2004 quac,
1503 1971 1615 2004 quando
1647 1980 1676 1996 se
1708 1970 1814 2004 pariter

160 2025 290 2059 iungunt,
322 2025 408 2059 magis
439 2024 492 2051 sibi
524 2024 700 2051 detrahendo
732 2024 778 2050 vel
809 2027 907 2050 contra
930 2025 1106 2058 praepositas
1130 2025 1325 2050 murmurando
1350 2024 1467 2050 vulnera
1492 2024 1598 2049 faciunt
1624 2033 1706 2057 quam
1731 2023 1813 2057 spiri-

161 2077 230 2104 talia
252 2078 459 2105 medicamenta
482 2080 655 2112 conponunt.
690 2077 748 2104 Vos
772 2086 848 2109 vero,
874 2081 988 2104 sanctae
1014 2086 1046 2104 ac
1070 2078 1248 2104 venerabiles
1273 2077 1359 2109 filiae,
1385 2077 1405 2103 si
1431 2077 1552 2111 aliquam
1578 2077 1680 2103 vidctis
1697 2076 1813 2111 pusilla-

268 2217 299 2241 V.
329 2219 343 2241 4
363 2220 515 2241 sanctarum
536 2215 740 2249 scripturarum]
763 2217 956 2249 scripturm-um
971 2220 1125 2241 sanctarum
1143 2217 1178 2240 W.
1229 2218 1244 2240 8
1265 2214 1387 2247 corpore]
1411 2216 1491 2240 corde
1514 2217 1569 2241 ΡΒ.
1628 2217 1658 2240 10
1679 2216 1815 2240 familiari⁴

161 2266 216 2286 tate
232 2263 255 2286 J’
264 2263 288 2285 2-
336 2262 366 2285 13
386 2259 430 2292 ne]
451 2262 483 2286 de
502 2261 563 2285 add.
576 2261 634 2285 ΡΙ.
686 2263 716 2285 15
738 2261 856 2293 Reliquis
870 2258 953 2291 vitiis]
969 2262 1070 2285 Contra
1085 2260 1187 2292 reliqua
1201 2261 1268 2285 vitia
1282 2260 1310 2284 S.
1362 2258 1509 2291 libidinem]
1525 2263 1618 2284 contra
1634 2260 1770 2284 libidinem
1788 2260 1814 2284 N.

165 2307 193 2330 17
215 2306 283 2330 dixit
298 2307 353 2331 ΡΞ.
409 2305 494 2330 solam
509 2303 637 2337 aliquam]
658 2306 693 2330 ita
706 2307 769 2335 Δ111,
790 2305 860 2330 solas
875 2305 942 2329 alias
964 2304 1019 2329 ΡΙ.
1036 2307 1064 2331 ιδ’.
1080 2304 1133 2335 ΡΞ,
1154 2305 1241 2329 solam
1255 2305 1347 2336 aliqua
1364 2303 1393 2326 .1[
1401 2307 1424 2335 2,
1445 2305 1503 2329 sola
1517 2304 1607 2336 aliqua
1622 2306 1649 2328 N.
1700 2304 1815 2328 stimulis

162 2351 290 2375 incitatur
305 2349 332 2374 S.
417 2351 447 2375 18
466 2347 577 2382 pugnet]
598 2354 730 2382 repugnet
751 2350 779 2374 S.
862 2351 946 2381 possit
966 2348 1070 2380 fugere]
1092 2350 1128 2373 ita
1148 2350 1200 2373 M]
1221 2348 1246 2378 (e
1264 2354 1348 2379 eoi-vn).
1370 2350 1398 2379 ιδ’,
1420 2353 1512 2381 posset
1532 2350 1625 2379 fugere
1647 2349 1704 2378 Pl,
1725 2353 1815 2381 posset

162 2396 254 2427 fugere
275 2403 302 2419 se
324 2395 359 2418 W.
379 2393 436 2424 1’2,
456 2395 544 2426 fugiat
563 2403 591 2419 se
611 2394 674 2418 Ma
745 2396 775 2418 19
796 2392 980 2424 sodalitatem]
1004 2397 1029 2418 et
1047 2394 1107 2418 add.
1128 2394 1190 2418 ,il-2.
1266 2395 1296 2418 21
1319 2402 1383 2417 vero
1404 2394 1461 2417 ΡΙ.
1534 2392 1707 2424 sanctissimi]
1729 2394 1815 2417 sancti

162 2439 219 2463 ΡΙ.
240 2439 275 2463 W.
299 2439 351 2463 1²2.
373 2437 435 2462 ΜΞ.
492 2440 524 2463 22
544 2436 707 2470 venenosos]
728 2447 876 2463 venerosus
897 2440 959 2465 Ml,
980 2446 1133 2462 venenosus
1156 2439 1189 2462 W.
1246 2440 1278 2462 23
1299 2446 1491 2462 conservamus
1514 2438 1546 2462 W.
1611 2439 1739 2469 superbia
1765 2437 1816 2461 ΙἸ.

162 2485 195 2508 24
215 2484 238 2508 si
256 2483 322 2507 deest
341 2482 404 2507 M2.
479 2483 600 2507 flammae
622 2483 655 2507 W.
725 2487 751 2507 et
773 2483 937 2513 virginitatis
957 2483 1046 2507 demunt
1065 2483 1090 2507 Γ
1099 2485 1122 2506 2.
1185 2483 1218 2506 26
1240 2480 1367 2512 eclesiae]
1390 2482 1473 2506 ecles·
1494 2482 1529 2506 ita
1548 2482 1645 2513 saepius
1666 2483 1727 2506 .111.
1791 2483 1816 2505 in

161 2528 226 2552 deest
247 2527 270 2550 I’
280 2530 302 2551 1.
383 2528 414 2552 27
435 2527 469 2551 ab
490 2524 601 2558 eclesia]
622 2527 656 2551 ita
677 2527 740 2556 M]‚
771 2528 803 2551 de
825 2527 941 2551 ecclesia
961 2531 1014 2551 cett.
1088 2524 1132 2558 ad]
1154 2528 1180 2551 in
1202 2527 1258 2551 ΡΙ.
1280 2528 1307 2551 [δ’.
1389 2528 1422 2550 28
1442 2524 1580 2558 aptentur]
1601 2530 1762 2558 appetentur
1785 2527 1816 2552 ll',

163 2574 195 2596 29
217 2572 339 2596 humani-«J
358 2571 423 2595 deest
443 2572 500 2596 1’1.
520 2571 582 2595 Δ1Ῑ2.
675 2569 776 2602 usibus]
797 2572 908 2596 liusibus
930 2572 986 2595 1’1.
1072 2569 1183 2601 servire]
1206 2572 1341 2595 servitura
1362 2570 1390 2595 S.
1476 2573 1505 2595 31
1530 2571 1740 2594 oblicatinnibus
1765 2571 1816 2594 l':.’.

163 2618 196 2641 32
216 2624 350 2640 venenum
370 2613 519 2647 vipereum]
542 2616 678 2647 vipereum
699 2624 833 2640 venenum
854 2615 916 2640 ΜΞ.
984 2618 1016 2640 33
1038 2617 1179 2640 caritatem
1200 2616 1235 2640 W.
1292 2617 1324 2639 34
1345 2623 1413 2647 quae
1433 2615 1497 2639 deest
1518 2617 1572 2640 ,112
1638 2616 1670 2639 35)
1691 2611 1816 2644 iungunt]

163 2668 231 2692 quae
250 2660 310 2684 add.
331 2659 386 2683 Ml
407 2661 500 2691 (postea
518 2658 586 2688 del.)‚
607 2668 676 2691 quae
695 2659 754 2684 add.
776 2660 830 2686 ΡΙ,
852 2660 884 2684 W.
907 2659 962 2684 1¹2.
1037 2661 1070 2684 36
1091 2663 1253 2691 componant
1273 2660 1337 2684 312.

274 2785 302 2818 1)
328 2784 392 2813 Non
419 2784 520 2812 inveni.

1556 2845 1587 2868 55)

1827 328 1875 348 Iob.
1883 328 1902 353 7,
1909 328 1941 349 38.

1828 967 1846 986 1.
1855 965 1905 985 Cor.
1915 965 1934 990 6,
1944 966 1978 985 18.
