2242 3085
313 389 341 408 Is.
349 389 382 412 40,
391 389 411 408 9.

306 595 334 615 cf.
343 594 413 615 Exod.

328 622 360 645 28,
370 622 388 641 G.

277 1291 345 1311 Marc.
354 1291 374 1314 9,
382 1291 414 1309 49.

286 1450 346 1469 Rom.
357 1450 388 1474 12,
398 1449 417 1470 3.

280 1556 347 1574 Marc.
356 1556 376 1579 9,
385 1556 417 1576 49.

313 1706 341 1726 cf,
349 1705 418 1726 Exod.

328 1732 360 1757 28,
368 1733 400 1752 35.

274 1818 302 1839 cr.
311 1820 338 1841 ib,
347 1820 379 1844 23,
388 1820 420 1840 33.

304 1873 420 1897 Ps.131‚9,

430 123 492 152 346
842 124 892 151 39.
929 123 1143 151 CONCILIUM
1168 123 1492 155 AQUISGRANENSE
1518 124 1552 150 A.
1575 123 1648 150 816.

432 224 514 249 corda
538 223 710 249 audientium
735 222 832 248 debet.
879 218 1005 247 Doctorl
1030 221 1143 254 etenim,
1175 221 1221 255 qui
1253 221 1306 248 loei
1337 221 1377 247 sui
1401 221 1572 248 necessitate
1598 221 1717 255 exigitur
1740 229 1844 247 sumnia
1875 221 1978 253 dicere,
2008 221 2060 248 hae

434 276 531 302 eadem
567 276 738 301 necessitate
775 274 942 309 conpellitur
977 283 1080 300 summa
1114 278 1278 301 monstrare.
1331 274 1384 300 Illa
1417 282 1536 308 namque
1572 282 1624 300 vox
1660 274 1793 300 libentius
1830 274 1985 300 auditorum
2015 283 2062 300 cor

432 332 576 363 penetrat,
603 337 684 362 quam
706 328 824 354 dicentis
849 327 906 353 vita
930 328 1113 360 commendat,
1139 327 1204 361 quia
1221 328 1293 361 quod
1317 327 1458 361 loquendo
1482 327 1600 361 imperat
1616 327 1790 353 ostendendo
1807 327 1930 359 adiuvat,
1953 330 1985 353 ut
2000 326 2059 353 fiat.

432 382 486 408 Per
516 381 681 415 prophetam
712 381 845 406 Dominus
876 380 959 406 dicit:
997 379 1089 416 Super
1119 383 1232 407 montem
1259 380 1392 406 mcc-elsam
1424 379 1542 406 ascende
1572 383 1608 412 tu,
1640 379 1687 415 qui
1717 379 1891 416 evangelizas
1921 379 1998 413 Sion,
2029 383 2060 406 ut

432 435 565 461 videlicet
587 435 633 468 qui
651 434 766 460 caelesti
790 433 1000 467 praedicatione
1025 434 1122 466 utitur,
1148 434 1200 459 ima
1224 433 1275 459 iam
1301 437 1474 459 terrenorum
1491 441 1605 466 operum
1622 433 1766 465 deserens,
1790 432 1818 458 in
1834 441 1925 459 reruni
1941 433 2059 459 culmine

432 491 505 513 stare
538 488 667 513 videatur
696 490 831 520 tantoque
864 486 972 512 facilius
1004 487 1130 512 subditos
1162 486 1196 512 ad
1227 486 1342 512 meliora
1371 485 1527 520 pertrahat,
1560 489 1663 520 quanto
1694 494 1746 519 per
1768 486 1843 512 vitae
1874 486 2002 512 meritum
2025 486 2061 512 de

433 541 560 575 supernis
585 540 694 566 clamat.
735 538 846 566 Res-102
871 539 954 565 etiam
979 543 1009 565 ct
1033 540 1163 565 sacerdos
1187 538 1413 573 superhumerale
1439 548 1472 565 ex
1496 546 1572 571 auro,
1596 539 1725 571 iacincto,
1750 547 1883 572 purpura,
1907 538 1949 564 bis
1972 539 2062 565 tincto

433 602 514 619 coeco
540 596 567 619 et
592 596 668 619 torta
691 592 751 618 fieri
774 593 848 619 bisso
872 593 977 619 habere
1002 592 1183 626 praecipitur,
1214 596 1255 622 ut,
1287 596 1392 626 quanta
1422 591 1554 617 virtutum
1578 591 1740 617 diversitate
1766 591 1920 618 clarescere
1946 591 2061 623 debeat,

433 646 649 672 demonstretur.
700 646 731 671 In
767 646 918 672 sacerdotis
955 646 1058 680 quippe
1094 645 1191 671 habitu
1227 649 1292 671 ante
1327 645 1417 670 onmia
1447 644 1675 679 aurumrfulget,
1710 647 1741 670 ut
1776 644 1804 670 in
1836 653 1868 670 eo
1898 644 2061 671 intellectus

433 699 588 733 sapientiae
611 699 804 733 principaliter
829 699 939 725 emicet.
976 698 1027 724 Cui
1048 698 1193 730 iacinctus,
1219 698 1265 732 qui
1289 698 1423 724 aethereo
1448 697 1538 724 colore
1562 697 1737 732 resplendet,
1762 697 1932 732 adiungitur,
1955 701 1987 723 ut
2010 706 2062 732 per

433 761 523 783 omne,
548 753 621 786 quod
646 752 839 785 intellegendo
863 755 1004 786 penetrat,
1030 760 1084 777 non
1109 751 1143 777 ad
1168 751 1277 777 favores
1302 750 1418 783 infimos,
1443 751 1493 776 sed
1517 751 1552 777 ad
1569 759 1688 777 amorem
1705 750 1868 777 caelestium
1884 754 1989 785 surgat,
2014 759 2060 784 ne,

434 806 498 831 dum
523 805 577 831 suis
602 805 729 831 incautus
757 805 886 830 laudibus
918 805 1035 838 capitur,
1068 804 1126 838 ipso
1158 804 1241 830 etiam
1271 804 1398 829 veritatis
1428 804 1576 830 intellectu
1606 807 1750 829 vacuetur.
1798 800 1895 829 Auro3
1918 803 2060 836 videlicet,

434 859 551 884 iacincto
583 867 614 884 ae
644 867 768 892 purpura
791 858 832 884 bis
857 858 961 883 tinctus
986 866 1083 883 coccus
1108 857 1276 891 adiungitur,
1308 860 1338 882 ut
1362 860 1428 883 ante
1452 857 1554 883 interni
1578 857 1675 883 iudicis
1699 856 1792 883 oculos
1816 857 1906 882 onmia
1929 857 2061 882 virtutum

434 911 507 937 bona
532 920 564 937 ex
589 911 706 937 caritate
731 911 909 943 decorentur,
936 914 963 936 et
989 914 1098 942 cuncta,
1126 919 1196 944 quae
1222 918 1311 935 coram
1331 909 1485 935 hominibus
1509 909 1634 942 rutilant,
1658 910 1728 936 haee
1744 910 1771 935 in
1793 913 1945 944 conspeetu
1961 910 2062 936 occulti

434 965 543 990 arbitris
574 964 681 990 flamma
711 964 798 989 intimi
830 964 926 989 amoris
958 964 1104 989 accendat.
1153 962 1231 993 Quae
1263 963 1369 989 scilieet
1401 963 1511 994 caritas,
1544 963 1609 997 quia
1634 963 1726 989 Deum
1750 963 1830 989 simul
1854 972 1884 989 ac
1908 963 2060 997 proximum

435 1017 535 1050 diligit,
561 1017 638 1051 quasi
663 1026 695 1043 ex
720 1017 823 1050 duplici
848 1017 970 1042 tinctura
993 1016 1134 1050 fulgescit.
1184 1015 1237 1046 Qui
1261 1016 1299 1041 sic
1324 1016 1358 1041 ad
1383 1015 1503 1041 auctoris
1527 1016 1649 1050 speciem
1673 1016 1796 1048 anhelat,
1825 1019 1856 1041 ut
1879 1017 2061 1050 proximorum

436 1079 528 1095 curam
552 1070 698 1104 neglegat,
730 1069 774 1095 vel
805 1070 842 1095 sie
867 1069 1049 1103 proximorum
1075 1078 1167 1095 curam
1193 1069 1363 1102 exsequitur,
1395 1071 1426 1094 ut
1451 1077 1467 1094 a
1491 1069 1582 1095 divino
1607 1077 1699 1095 amore
1724 1072 1875 1103 torpescat,
1909 1069 1955 1103 qui
1977 1078 2059 1095 unum

435 1123 530 1149 110111111
555 1123 700 1156 quodlibet
724 1122 860 1156 neglegit,
886 1122 913 1147 in
938 1121 1172 1156 superhumeralis
1197 1125 1357 1148 ornamento
1381 1121 1485 1148 habere
1510 1130 1621 1147 coecum
1644 1122 1686 1147 bis
1703 1122 1820 1148 tinctum
1836 1122 1934 1148 nescit.
1972 1120 2061 1148 Cum4

436 1180 527 1201 rector
551 1186 579 1201 se
605 1176 639 1201 ad
664 1176 834 1209 loquendum
858 1179 1018 1209 praeparat,
1043 1175 1094 1201 sub
1119 1179 1223 1209 quanto
1248 1174 1376 1201 cautelae
1401 1175 1492 1200 studio
1516 1174 1656 1208 loquatur,
1680 1175 1826 1204 adtendat,
1851 1184 1897 1206 ue,
1922 1175 2062 1201 5111101111-

435 1232 500 1255 nate
526 1229 560 1254 ad
584 1228 754 1262 loquendum
778 1229 895 1262 rapitur,
921 1228 1021 1254 erroris
1045 1228 1160 1254 vulnere.
1186 1228 1358 1253 audientium
1384 1228 1467 1253 corda
1490 1227 1636 1259 feriantur,
1662 1231 1700 1259 et,
1726 1236 1787 1253 cum
1811 1228 1927 1254 fortasse
1953 1229 2063 1262 sapiens

435 1282 522 1307 videri
547 1282 699 1313 desiderat,
732 1282 847 1307 unitatis
878 1290 1039 1315 compagem
1071 1281 1236 1314 insipienter
1259 1281 1395 1306 abscidat.
1442 1281 1473 1306 Iu
1500 1281 1645 1315 evangelio
1673 1281 1776 1307 veritas
1801 1281 1854 1307 ait:
1888 1280 1994 1308 Habete
2023 1281 2067 1308 sal

435 1334 461 1360 ῐη
488 1333 559 1361 vohis
584 1338 608 1360 et
624 1344 724 1370 pacem
750 1334 844 1360 habete
867 1333 938 1360 inter
963 1343 1016 1361 ros.
1053 1334 1108 1360 l’er
1132 1334 1171 1359 sal
1197 1334 1301 1367 quippe
1327 1334 1405 1359 verbi
1430 1334 1569 1368 sapientia
1593 1335 1765 1369 designatur.
1807 1333 1860 1364 Qui
1884 1335 1968 1369 igitur
1990 1334 2065 1368 loqui

435 1388 579 1421 sapienter
607 1388 705 1413 nititur
735 1396 903 1421 magnopere
935 1391 1052 1419 metuat,
1086 1396 1119 1413 110
1151 1387 1178 1412 111
1211 1387 1269 1413 eius
1302 1387 1410 1421 eloquio
1439 1388 1611 1413 audientium
1635 1388 1727 1413 unitas
1751 1387 1946 1413 confundatur.
1992 1387 2065 1413 Hinc

435 1440 538 1466 Paulus
563 1441 617 1466 aitz
643 1440 707 1467 Non
727 1440 793 1476 plus·
816 1449 916 1476 sapere
940 1450 1022 1476 quam
1047 1443 1153 1476 oportet
1175 1449 1284 1475 sapere,
1309 1444 1348 1466 set
1370 1449 1470 1475 sapere
1486 1440 1527 1466 ad
1547 1439 1748 1467 sobriaetatem.
1784 1438 1851 1466 Ne5
1874 1441 1959 1475 igitur
1974 1444 2066 1466 rector

436 1494 564 1519 incautus
588 1494 622 1519 ad
646 1493 815 1527 loquendum
840 1497 963 1527 proruat,
994 1493 1058 1525 hoc,
1091 1493 1165 1527 quod
1196 1493 1249 1519 iam
1280 1493 1481 1527 praemisimus,
1513 1502 1564 1527 per
1589 1493 1766 1527 semetipsam
1798 1493 1939 1528 discipulis
1962 1493 2066 1519 veritas

437 1546 553 1572 clamat:
580 1545 686 1572 Habete
708 1546 753 1572 sal
776 1545 801 1572 (ἠ
829 1545 899 1573 vobis
924 1550 948 1572 et
965 1555 1066 1582 pacem
1091 1545 1184 1572 habete
1208 1545 1280 1572 intra·
1302 1555 1358 1579 vos,
1384 1546 1439 1572 acsi
1460 1546 1579 1580 figurate
1596 1555 1648 1580 per
1664 1546 1788 1572 habitum
1805 1546 1956 1572 sacerdotis
1974 1547 2064 1572 dicat:

437 1599 522 1625 ‘Mala
546 1600 647 1633 punica
670 1599 845 1625 tintinabulis
870 1599 986 1633 iungite,
1018 1603 1049 1624 ut
1073 1609 1124 1633 per
1150 1599 1249 1630 onmia,
1283 1608 1354 1633 quae
1380 1599 1481 1631 dicitis,
1514 1599 1651 1625 unitatem
1675 1598 1741 1625 fidei
1766 1602 1847 1625 cauta
1871 1600 2065 1625 observatione

438 1652 580 1678 teneatis'.
628 1651 763 1677 Sacerdos
775 1650 786 1665 ⁴⁵
810 1661 921 1686 semper
951 1661 1046 1678 vocem
1077 1652 1292 1686 praedicationis
1323 1652 1436 1683 habeat,
1468 1661 1503 1678 ne
1528 1652 1640 1686 superni
1671 1653 1857 1686 expectatoris
1880 1652 2010 1678 iudicium
2035 1662 2067 1679 ex

438 1705 548 1731 silentio
572 1705 705 1731 offendat.
743 1705 877 1731 Sacerdos
895 1706 922 1731 in
939 1705 1150 1731 tabernaculum
1168 1705 1328 1739 ingrediens
1345 1705 1389 1731 vel
1407 1705 1556 1739 egrediens
1573 1705 1697 1736 moritur,
1723 1706 1745 1731 si
1769 1706 1803 1731 de
1830 1714 1862 1732 eo
1886 1706 1991 1732 sonitus
2013 1714 2065 1731 non

438 1759 558 1791 auditur,
592 1759 656 1792 quia
687 1759 753 1784 iram
785 1762 880 1784 contra
911 1768 940 1784 se
965 1758 1066 1784 occulti
1092 1758 1188 1784 iudicis
1214 1759 1309 1793 exigit,
1342 1759 1364 1784 si
1388 1759 1446 1784 sine
1472 1759 1688 1792 praedicationis
1712 1759 1803 1785 sonitu
1828 1759 1942 1785 incedit.
1989 1758 2065 1792 Apte

438 1811 607 1837 tintinabula
638 1811 811 1837 vestimentis
843 1811 981 1845 pontificis
1013 1812 1210 1837 describuntur
1240 1812 1354 1837 inserta.
1396 1811 1573 1838 Vestimenta
1597 1812 1701 1838 etenim
1725 1812 1877 1838 sacerdotis
1901 1812 1967 1845 quid
1992 1811 2067 1837 aliud

439 1873 520 1898 quam
544 1868 622 1890 reeta
645 1873 730 1898 opera
754 1865 889 1890 debemus
913 1864 1053 1898 accipere,
1079 1864 1216 1898 propheta
1232 1865 1405 1897 adtestante,
1431 1865 1477 1898 qui
1493 1865 1546 1890 ait:
1574 1864 1738 1891 Sacerdotes
1761 1864 1800 1891 tui
1822 1864 1975 1891 indicantur
1994 1863 2068 1891 iusti-

439 1916 526 1943 tiam?
558 1917 741 1943 Vestimentis
766 1918 860 1951 itaque
886 1917 957 1943 illius
981 1918 1149 1943 tintiuabula
1173 1918 1312 1949 inherent,
1337 1922 1368 1943 ut
1385 1918 1459 1944 vitae
1476 1918 1548 1943 viam
1565 1927 1625 1943 cum
1642 1917 1754 1952 linguae
1772 1918 1862 1943 sonitu
1879 1918 1939 1952 ipsa
1955 1926 2065 1952 quoque

439 1979 524 2004 opera
548 1971 700 1996 sacerdotis
725 1970 854 1996 clament.
895 1971 950 1996 Nos
964 1968 982 2001 7,
1008 1971 1073 2004 quia
1097 1970 1194 1996 infirmi
1218 1971 1342 1997 homines
1367 1980 1469 2003 sumus,
1501 1980 1563 1997 cum
1594 1971 1628 1997 de
1653 1971 1714 1997 Deo
1738 1971 1892 1997 hominibus
1919 1971 2065 2005 loquimur,

440 2024 573 2049 debemus
597 2024 713 2057 primum
737 2023 893 2049 meminisse
919 2024 992 2057 quod
1017 2032 1120 2055 sumus,
1144 2028 1175 2048 ut
1200 2033 1233 2049 ex
1257 2024 1368 2058 propria
1392 2023 1551 2050 infirmitate
1576 2032 1735 2058 pensemus,
1761 2033 1814 2058 quo
1835 2024 1952 2050 docendi
1969 2024 2065 2050 ordine

440 2076 551 2101 infirmis
576 2076 706 2102 fratribus
731 2076 914 2102 consulamus.
952 2076 1165 2102 Consideremus
1190 2077 1284 2110 igitur,
1309 2077 1374 2110 quia
1398 2082 1446 2102 aut
1470 2077 1541 2102 tales
1566 2086 1668 2108 sumus,
1694 2077 1790 2111 quales
1815 2077 1960 2103 nonnullos
1985 2077 2067 2103 corri-

544 2206 643 2230 XXIV.
676 2208 685 2230 1
708 2207 896 2230 necessitatem
917 2206 948 2230 B.
1031 2203 1090 2237 hac]
1111 2206 1178 2231 liaeo
1197 2206 1228 2235 L,
1256 2215 1303 2230 aec
1324 2207 1355 2230 B.
1444 2208 1458 2230 3
1479 2207 1647 2231 commendet
1668 2208 1702 2231 M.
1776 2208 1789 2231 7
1811 2205 1916 2238 clamat]
1938 2210 2014 2231 tonat
2033 2206 2068 2231 Μ.

440 2254 466 2274 et
485 2251 549 2274 deest
569 2252 602 2275 M.
693 2248 743 2281 bis]
771 2251 818 2281 bys
837 2251 876 2274 liic
894 2255 917 2274 et
936 2250 1005 2282 infra
1024 2250 1056 2274 B.
1148 2251 1162 2274 8
1190 2248 1282 2281 cocco]
1313 2253 1391 2275 cocto
1412 2251 1442 2279 R,
1471 2254 1549 2275 cocto
1576 2259 1637 2275 corr.
1659 2260 1724 2275 coco
1744 2251 1776 2275 B.
1868 2252 1924 2275 fieri
1949 2251 2013 2275 deest
2033 2251 2068 2277 M]

439 2295 509 2318 hisso
532 2295 560 2319 li'.
581 2295 661 2326 bysso
682 2295 713 2318 Jo'.
807 2296 837 2318 10
858 2295 1020 2325 adguugitur
1039 2295 1070 2318 L'.
1163 2296 1191 2318 11
1214 2295 1317 2319 intimus
1336 2303 1348 2319 e
1366 2304 1427 2319 corr.
1448 2294 1478 2318 L.
1566 2296 1596 2319 13
1617 2293 1657 2325 ac]
1678 2296 1727 2319 hac
1748 2296 1780 2320 Β.
1867 2297 1897 2319 15
1918 2296 2011 2320 arbitri
2032 2297 2067 2321 M.

442 2339 471 2362 16
493 2340 543 2368 Qui
564 2337 610 2369 sic]
632 2339 713 2368 Quasi
734 2339 766 2362 B.
833 2336 950 2369 anhelat]
970 2338 1078 2363 hanelat
1098 2339 1129 2362 Β.
1205 2340 1234 2363 17
1257 2340 1398 2370 exequitur
1418 2339 1452 2362 M.
1528 2341 1558 2364 19
1579 2338 1730 2371 praeparat]
1751 2343 1857 2371 reparat
1876 2340 1907 2364 L.
1970 2340 2069 2363 inordi-

441 2380 510 2413 nate]
532 2384 557 2406 in
578 2383 669 2407 ordine
690 2383 721 2406 B.
777 2384 809 2406 ‘22
829 2384 978 2414 sapientiae
999 2383 1030 2406 B.
1087 2384 1119 2406 24
1139 2381 1189 2413 set]
1210 2383 1245 2407 ita
1264 2383 1360 2415 saepius
1379 2383 1410 2413 B,
1431 2383 1477 2407 sed
1497 2387 1550 2407 cett.
1606 2385 1637 2407 25
1658 2385 1781 2407 incautos
1802 2384 1834 2409 R.
1890 2385 1921 2408 27
1942 2385 2067 2408 1111011113-

441 2426 509 2450 bulis
531 2427 559 2455 L,
580 2427 722 2450 tintinuab<
743 2427 777 2450 ΙΙΙ.
851 2428 940 2451 omnia
960 2424 1037 2458 quae]
1058 2435 1134 2451 omne
1155 2428 1225 2458 quod
1246 2428 1280 2451 M.
1354 2428 1386 2451 28
1407 2425 1594 2459 expectatoris]
1615 2429 1772 2459 spectatoris
1791 2428 1826 2452 Δ11.
1895 2429 1926 2452 29
1947 2426 2065 2458 silentio]

440 2470 543 2494 silet-tio
564 2471 596 2494 B.
651 2471 784 2494 Sacer-dus
804 2471 835 2494 R.
892 2469 1041 2501 egrediens]
1063 2471 1187 2502 grediens
1207 2480 1218 2495 e
1237 2480 1298 2495 corr.
1318 2471 1349 2495 L.
1405 2472 1437 2496 30
1457 2472 1519 2502 quia
1539 2469 1614 2502 iram]
1635 2473 1680 2503 qui
1700 2473 1790 2496 haram
1811 2472 1842 2496 B.
1899 2472 2021 2497 occultus
2035 2473 2067 2496 B.

440 2515 528 2539 sonitu
548 2512 658 2545 incedit]
679 2516 782 2538 sonitus
802 2516 901 2539 incedit
921 2515 951 2544 L,
972 2516 1084 2539 sonitum
1106 2516 1176 2539 cedit
1196 2516 1226 2539 B.
1300 2513 1379 2547 Apte]
1399 2517 1426 2539 in
1445 2516 1504 2540 add.
1524 2516 1555 2540 B.
1575 2516 1605 2540 L.
1679 2518 1711 2540 34
1731 2517 1827 2540 infirmi
1848 2514 1977 2548 homines]
1997 2517 2067 2540 intir-

441 2560 524 2583 mines
545 2559 576 2583 B.
650 2559 681 2582 de
701 2560 765 2582 deest
783 2559 814 2582 B.
895 2560 926 2583 35
948 2557 1011 2590 quo]
1034 2560 1159 2590 quoniam
1180 2560 1210 2583 B.
1284 2561 1315 2584 3ss
1337 2557 1516 2591 consulamus]
1536 2560 1705 2585 consolemur
1726 2561 1755 2584 Η.
1775 2561 1805 2584 L.
1826 2561 1858 2584 ΙΙ.

550 2676 576 2707 1)
603 2675 652 2702 Ea*
677 2674 814 2712 Grryorio
841 2675 892 2708 M„
917 2675 1026 2712 Regula
1045 2680 1155 2712 pastor.
1182 2675 1224 2702 lib.
1250 2676 1285 2702 II
1304 2686 1325 2702 0.
1344 2678 1378 2708 3,·
1404 2676 1474 2712 (lpp.
1501 2677 1538 2710 Π,
1557 2678 1602 2705 15.
1706 2677 1735 2711 2)
1761 2678 1823 2711 Ib.;
1848 2679 1864 2704 Ι.
1883 2679 1899 2705 l.
1921 2678 1959 2711 II,
1978 2679 2013 2706 15
2026 2688 2066 2714 sq.

443 2729 471 2760 3)
501 2728 588 2761 lbid.;
620 2729 636 2755 l.
655 2729 671 2755 Ι.
698 2728 734 2757 ΙΙ,
760 2729 806 2756 16.
921 2728 949 2759 4)
975 2728 1018 2754 lb.
1045 2728 1079 2754 II
1098 2738 1118 2755 c.
1136 2729 1171 2757 4:
1200 2729 1216 2755 l.
1240 2729 1256 2755 l.
1282 2729 1319 2762 II,
1346 2730 1391 2757 17.
1504 2729 1532 2763 5)
1558 2729 1620 2763 Ib.,·
1651 2731 1668 2757 l.
1686 2731 1703 2757 l.
1729 2731 1767 2764 II,
1793 2732 1840 2759 18.
1948 2731 1977 2764 6)
2004 2731 2067 2764 Ib.;

442 2783 458 2808 l.
477 2783 493 2808 Ι.
520 2782 557 2815 II,
582 2782 627 2809 17.
720 2781 749 2813 7)
776 2781 824 2808 Ex
850 2780 987 2818 (J'reyorio
1014 2781 1065 2814 JL,
1092 2780 1218 2808 Mor-alla
1242 2781 1353 2808 XXIII
1372 2792 1393 2808 0.
1412 2783 1447 2810 13
1471 2778 1565 2819 ,ξ25ῑ
1592 2784 1663 2819 (lpp.
1689 2783 1711 2817 I,
1737 2784 1796 2812 742
1808 2794 1849 2820 sq,

2082 705 2106 724 10

2082 969 2108 988 15

2083 1234 2108 1252 80

2085 1500 2110 1520 2⁵

2086 1766 2112 1785 80

2088 2031 2112 2050 85

2087 2345 2115 2364 -Ao

2086 2565 2113 2583 ⁴5
