<?xml version="1.0" encoding="UTF-8"?>
<!DOCTYPE html PUBLIC "-//W3C//DTD XHTML 1.0 Transitional//EN"
    "http://www.w3.org/TR/xhtml1/DTD/xhtml1-transitional.dtd">
<html xmlns="http://www.w3.org/1999/xhtml" xml:lang="en" lang="en">
 <head>
  <title>
</title>
<meta http-equiv="Content-Type" content="text/html;charset=utf-8" />
  <meta name='ocr-system' content='tesseract 3.04.00' />
  <meta name='ocr-capabilities' content='ocr_page ocr_carea ocr_par ocr_line ocrx_word'/>
</head>
<body>
  <div class='ocr_page' id='page_1' title='image "./s3monumentagerma02geseuoft_0223.png"; bbox 0 0 2242 3085; ppageno 0'>
   <div class='ocr_carea' id='block_1_1' title="bbox 582 106 1761 137">
    <p class='ocr_par' dir='ltr' id='par_1_1' title="bbox 582 106 1761 137">
     <span class='ocr_line' id='line_1_1' title="bbox 582 106 1761 137; baseline -0.001 0"><span class='ocrx_word' id='word_1_1' title='bbox 582 110 631 137; x_wconf 79' lang='lat'><strong>22.</strong></span> <span class='ocrx_word' id='word_1_2' title='bbox 670 109 887 137; x_wconf 82' lang='lat' dir='ltr'><strong>CONCILIUM</strong></span> <span class='ocrx_word' id='word_1_3' title='bbox 912 109 1146 136; x_wconf 78' lang='lat' dir='ltr'><strong>RISPACENSE</strong></span> <span class='ocrx_word' id='word_1_4' title='bbox 1173 111 1207 136; x_wconf 82' lang='grc' dir='ltr'><strong>Α.</strong></span> <span class='ocrx_word' id='word_1_5' title='bbox 1230 110 1301 137; x_wconf 56' lang='grc' dir='ltr'><strong>ῖὶοὸ.</strong></span> <span class='ocrx_word' id='word_1_6' title='bbox 1701 106 1761 136; x_wconf 73' lang='lat'><strong>‘201</strong></span> 
     </span>
    </p>
   </div>
   <div class='ocr_carea' id='block_1_2' title="bbox 87 203 1766 557">
    <p class='ocr_par' dir='ltr' id='par_1_2' title="bbox 119 203 1766 406">
     <span class='ocr_line' id='line_1_2' title="bbox 120 203 1764 245; baseline -0.002 -9"><span class='ocrx_word' id='word_1_7' title='bbox 120 205 200 236; x_wconf 85' lang='lat' dir='ltr'><strong>fieri.</strong></span> <span class='ocrx_word' id='word_1_8' title='bbox 247 204 335 236; x_wconf 87' lang='lat' dir='ltr'><strong>Dum</strong></span> <span class='ocrx_word' id='word_1_9' title='bbox 360 215 496 245; x_wconf 80' lang='lat' dir='ltr'><strong>magnus</strong></span> <span class='ocrx_word' id='word_1_10' title='bbox 521 215 611 235; x_wconf 86' lang='lat' dir='ltr'><strong>error</strong></span> <span class='ocrx_word' id='word_1_11' title='bbox 634 203 753 235; x_wconf 82' lang='lat' dir='ltr'><strong>exinde</strong></span> <span class='ocrx_word' id='word_1_12' title='bbox 778 204 854 243; x_wconf 85' lang='lat' dir='ltr'><strong>exit,</strong></span> <span class='ocrx_word' id='word_1_13' title='bbox 887 214 1047 245; x_wconf 72' lang='lat' dir='ltr'><strong>rogamus,</strong></span> <span class='ocrx_word' id='word_1_14' title='bbox 1072 209 1106 234; x_wconf 86' lang='lat' dir='ltr'><strong>ut</strong></span> <span class='ocrx_word' id='word_1_15' title='bbox 1129 203 1208 234; x_wconf 79' lang='lat' dir='ltr'><strong>tales</strong></span> <span class='ocrx_word' id='word_1_16' title='bbox 1233 215 1292 234; x_wconf 87' lang='lat' dir='ltr'><strong>nec</strong></span> <span class='ocrx_word' id='word_1_17' title='bbox 1318 204 1350 234; x_wconf 89' lang='lat' dir='ltr'><strong>in</strong></span> <span class='ocrx_word' id='word_1_18' title='bbox 1375 204 1534 235; x_wconf 79' lang='lat' dir='ltr'><strong>aecclesia</strong></span> <span class='ocrx_word' id='word_1_19' title='bbox 1558 204 1764 245; x_wconf 69' lang='lat' dir='ltr'>recipiantur,</span> 
     </span>
     <span class='ocr_line' id='line_1_3' title="bbox 119 256 1764 300; baseline -0.001 -11"><span class='ocrx_word' id='word_1_20' title='bbox 119 259 184 289; x_wconf 78' lang='lat' dir='ltr'><strong>nisi</strong></span> <span class='ocrx_word' id='word_1_21' title='bbox 206 258 294 300; x_wconf 89' lang='lat' dir='ltr'><strong>prius</strong></span> <span class='ocrx_word' id='word_1_22' title='bbox 318 257 398 288; x_wconf 88' lang='lat' dir='ltr'><strong>fides</strong></span> <span class='ocrx_word' id='word_1_23' title='bbox 423 257 548 288; x_wconf 89' lang='lat' dir='ltr'><strong>illorum</strong></span> <span class='ocrx_word' id='word_1_24' title='bbox 573 256 734 299; x_wconf 80' lang='lat' dir='ltr'><strong>probetur,</strong></span> <span class='ocrx_word' id='word_1_25' title='bbox 767 257 793 287; x_wconf 87' lang='lat' dir='ltr'><strong>si</strong></span> <span class='ocrx_word' id='word_1_26' title='bbox 825 257 888 287; x_wconf 91' lang='lat' dir='ltr'><strong>sint</strong></span> <span class='ocrx_word' id='word_1_27' title='bbox 912 256 1062 287; x_wconf 81' lang='lat' dir='ltr'>catholici</span> <span class='ocrx_word' id='word_1_28' title='bbox 1087 268 1128 287; x_wconf 90' lang='lat' dir='ltr'><strong>an</strong></span> <span class='ocrx_word' id='word_1_29' title='bbox 1159 268 1232 296; x_wconf 88' lang='lat' dir='ltr'><strong>non,</strong></span> <span class='ocrx_word' id='word_1_30' title='bbox 1263 263 1294 287; x_wconf 88' lang='lat' dir='ltr'><strong>ct</strong></span> <span class='ocrx_word' id='word_1_31' title='bbox 1325 257 1352 287; x_wconf 91' lang='lat' dir='ltr'><strong>si</strong></span> <span class='ocrx_word' id='word_1_32' title='bbox 1382 257 1454 288; x_wconf 82' lang='lat' dir='ltr'><strong>talis</strong></span> <span class='ocrx_word' id='word_1_33' title='bbox 1486 257 1634 288; x_wconf 77' lang='lat' dir='ltr'><strong>inventus</strong></span> <span class='ocrx_word' id='word_1_34' title='bbox 1659 257 1764 295; x_wconf 84' lang='lat' dir='ltr'><strong>fucrit,</strong></span> 
     </span>
     <span class='ocr_line' id='line_1_4' title="bbox 119 309 1765 351; baseline -0.002 -8"><span class='ocrx_word' id='word_1_35' title='bbox 119 311 178 343; x_wconf 89' lang='lat' dir='ltr'><strong>sub</strong></span> <span class='ocrx_word' id='word_1_36' title='bbox 205 311 406 343; x_wconf 80' lang='lat' dir='ltr'><strong>districtione</strong></span> <span class='ocrx_word' id='word_1_37' title='bbox 430 315 579 342; x_wconf 87' lang='lat' dir='ltr'><strong>teneatur</strong></span> <span class='ocrx_word' id='word_1_38' title='bbox 603 316 634 342; x_wconf 90' lang='lat' dir='ltr'><strong>et</strong></span> <span class='ocrx_word' id='word_1_39' title='bbox 658 322 721 341; x_wconf 91' lang='lat' dir='ltr'><strong>non</strong></span> <span class='ocrx_word' id='word_1_40' title='bbox 746 309 943 341; x_wconf 77' lang='lat' dir='ltr'><strong>concedatur</strong></span> <span class='ocrx_word' id='word_1_41' title='bbox 968 310 1008 350; x_wconf 89' lang='lat' dir='ltr'><strong>ei,</strong></span> <span class='ocrx_word' id='word_1_42' title='bbox 1039 315 1074 341; x_wconf 90' lang='lat' dir='ltr'><strong>ut</strong></span> <span class='ocrx_word' id='word_1_43' title='bbox 1104 310 1316 341; x_wconf 78' lang='lat' dir='ltr'><strong>ministerium</strong></span> <span class='ocrx_word' id='word_1_44' title='bbox 1342 316 1453 351; x_wconf 81' lang='lat' dir='ltr'><strong>tangat</strong></span> <span class='ocrx_word' id='word_1_45' title='bbox 1479 322 1539 341; x_wconf 85' lang='lat' dir='ltr'><strong>nec</strong></span> <span class='ocrx_word' id='word_1_46' title='bbox 1564 310 1670 341; x_wconf 83' lang='lat' dir='ltr'><strong>officio</strong></span> <span class='ocrx_word' id='word_1_47' title='bbox 1696 310 1765 341; x_wconf 90' lang='lat' dir='ltr'><strong>fun-</strong></span> 
     </span>
     <span class='ocr_line' id='line_1_5' title="bbox 119 363 1766 406; baseline -0.001 -10"><span class='ocrx_word' id='word_1_48' title='bbox 119 370 222 406; x_wconf 84' lang='lat' dir='ltr'><strong>gatur,</strong></span> <span class='ocrx_word' id='word_1_49' title='bbox 248 365 310 396; x_wconf 86' lang='lat' dir='ltr'><strong>nisi</strong></span> <span class='ocrx_word' id='word_1_50' title='bbox 334 365 367 395; x_wconf 94' lang='lat' dir='ltr'><strong>in</strong></span> <span class='ocrx_word' id='word_1_51' title='bbox 392 363 523 406; x_wconf 90' lang='lat' dir='ltr'><strong>publica</strong></span> <span class='ocrx_word' id='word_1_52' title='bbox 547 363 660 395; x_wconf 84' lang='lat' dir='ltr'><strong>sinodo</strong></span> <span class='ocrx_word' id='word_1_53' title='bbox 685 363 839 406; x_wconf 88' lang='lat' dir='ltr'><strong>probatus</strong></span> <span class='ocrx_word' id='word_1_54' title='bbox 863 363 969 403; x_wconf 81' lang='lat' dir='ltr'><strong>fuerit,</strong></span> <span class='ocrx_word' id='word_1_55' title='bbox 1000 374 1061 394; x_wconf 88' lang='grc'><strong>1100</strong></span> <span class='ocrx_word' id='word_1_56' title='bbox 1092 363 1175 395; x_wconf 84' lang='grc'><strong>1111115</strong></span> <span class='ocrx_word' id='word_1_57' title='bbox 1207 369 1380 394; x_wconf 80' lang='lat' dir='ltr'><strong>extraneus</strong></span> <span class='ocrx_word' id='word_1_58' title='bbox 1413 364 1444 393; x_wconf 90' lang='lat' dir='ltr'><strong>in</strong></span> <span class='ocrx_word' id='word_1_59' title='bbox 1477 363 1636 395; x_wconf 84' lang='lat' dir='ltr'><strong>aecclesia</strong></span> <span class='ocrx_word' id='word_1_60' title='bbox 1661 364 1766 394; x_wconf 82' lang='lat' dir='ltr'><strong>aliena</strong></span> 
     </span>
    </p>

    <p class='ocr_par' dir='ltr' id='par_1_3' title="bbox 87 416 1765 557">
     <span class='ocr_line' id='line_1_6' title="bbox 87 416 1765 460; baseline -0.001 -12"><span class='ocrx_word' id='word_1_61' title='bbox 87 429 100 447; x_wconf 75' lang='grc' dir='ltr'><strong>ὁ</strong></span> <span class='ocrx_word' id='word_1_62' title='bbox 119 419 187 449; x_wconf 88' lang='lat' dir='ltr'><strong>sine</strong></span> <span class='ocrx_word' id='word_1_63' title='bbox 219 429 379 449; x_wconf 89' lang='lat' dir='ltr'><strong>consensu</strong></span> <span class='ocrx_word' id='word_1_64' title='bbox 411 418 556 460; x_wconf 81' lang='lat' dir='ltr'><strong>episcopi</strong></span> <span class='ocrx_word' id='word_1_65' title='bbox 579 416 770 459; x_wconf 83' lang='lat' dir='ltr'><strong>praedicare</strong></span> <span class='ocrx_word' id='word_1_66' title='bbox 795 422 981 459; x_wconf 84' lang='lat' dir='ltr'><strong>praesumat</strong></span> <span class='ocrx_word' id='word_1_67' title='bbox 1011 428 1071 447; x_wconf 88' lang='lat' dir='ltr'><strong>nec</strong></span> <span class='ocrx_word' id='word_1_68' title='bbox 1102 416 1339 458; x_wconf 82' lang='lat' dir='ltr'><strong>magniloquus,</strong></span> <span class='ocrx_word' id='word_1_69' title='bbox 1372 422 1414 455; x_wconf 88' lang='lat' dir='ltr'><strong>ut,</strong></span> <span class='ocrx_word' id='word_1_70' title='bbox 1447 417 1473 447; x_wconf 83' lang='lat' dir='ltr'><strong>si</strong></span> <span class='ocrx_word' id='word_1_71' title='bbox 1499 417 1680 459; x_wconf 86' lang='lat' dir='ltr'><strong>episcopus,</strong></span> <span class='ocrx_word' id='word_1_72' title='bbox 1714 417 1765 447; x_wconf 86' lang='lat' dir='ltr'><strong>cui</strong></span> 
     </span>
     <span class='ocr_line' id='line_1_7' title="bbox 119 470 1765 514; baseline -0.001 -12"><span class='ocrx_word' id='word_1_73' title='bbox 119 472 290 502; x_wconf 84' lang='lat' dir='ltr'><strong>commissa</strong></span> <span class='ocrx_word' id='word_1_74' title='bbox 315 477 362 503; x_wconf 90' lang='lat' dir='ltr'><strong>est</strong></span> <span class='ocrx_word' id='word_1_75' title='bbox 393 471 495 514; x_wconf 92' lang='lat' dir='ltr'><strong>plebs,</strong></span> <span class='ocrx_word' id='word_1_76' title='bbox 527 471 663 502; x_wconf 82' lang='lat' dir='ltr'><strong>forsitan</strong></span> <span class='ocrx_word' id='word_1_77' title='bbox 695 470 833 512; x_wconf 78' lang='lat' dir='ltr'><strong>simplex</strong></span> <span class='ocrx_word' id='word_1_78' title='bbox 865 475 922 510; x_wconf 81' lang='lat' dir='ltr'><strong>est,</strong></span> <span class='ocrx_word' id='word_1_79' title='bbox 955 481 1064 501; x_wconf 87' lang='lat' dir='ltr'><strong>coram</strong></span> <span class='ocrx_word' id='word_1_80' title='bbox 1089 470 1206 512; x_wconf 90' lang='lat' dir='ltr'><strong>populo</strong></span> <span class='ocrx_word' id='word_1_81' title='bbox 1238 474 1362 501; x_wconf 78' lang='lat' dir='ltr'><strong>tantum</strong></span> <span class='ocrx_word' id='word_1_82' title='bbox 1393 481 1452 511; x_wconf 84' lang='lat' dir='ltr'><strong>per</strong></span> <span class='ocrx_word' id='word_1_83' title='bbox 1483 476 1669 501; x_wconf 74' lang='lat' dir='ltr'><strong>extraneam</strong></span> <span class='ocrx_word' id='word_1_84' title='bbox 1696 482 1765 512; x_wconf 86' lang='lat' dir='ltr'><strong>per-</strong></span> 
     </span>
     <span class='ocr_line' id='line_1_8' title="bbox 119 525 489 557; baseline 0 -1"><span class='ocrx_word' id='word_1_85' title='bbox 119 536 230 556; x_wconf 85' lang='lat' dir='ltr'><strong>sonam</strong></span> <span class='ocrx_word' id='word_1_86' title='bbox 255 536 319 556; x_wconf 85' lang='grc'><strong>11011</strong></span> <span class='ocrx_word' id='word_1_87' title='bbox 343 525 489 557; x_wconf 79' lang='lat' dir='ltr'><strong>vilescat.</strong></span> 
     </span>
    </p>
   </div>
   <div class='ocr_carea' id='block_1_3' title="bbox 74 584 1768 1004">
    <p class='ocr_par' dir='ltr' id='par_1_4' title="bbox 74 584 1768 1004">
     <span class='ocr_line' id='line_1_9' title="bbox 225 584 1765 631; baseline -0.002 -11"><span class='ocrx_word' id='word_1_88' title='bbox 225 588 346 631; x_wconf 79' lang='lat' dir='ltr'><strong>(XVI).</strong></span> <span class='ocrx_word' id='word_1_89' title='bbox 382 587 426 618; x_wconf 86' lang='lat' dir='ltr'><strong>Et</strong></span> <span class='ocrx_word' id='word_1_90' title='bbox 450 587 509 618; x_wconf 89' lang='lat' dir='ltr'><strong>hoc</strong></span> <span class='ocrx_word' id='word_1_91' title='bbox 535 586 711 618; x_wconf 86' lang='lat' dir='ltr'><strong>secundum</strong></span> <span class='ocrx_word' id='word_1_92' title='bbox 737 587 916 629; x_wconf 88' lang='lat' dir='ltr'><strong>priscorum</strong></span> <span class='ocrx_word' id='word_1_93' title='bbox 941 591 1069 628; x_wconf 90' lang='lat' dir='ltr'><strong>patrum</strong></span> <span class='ocrx_word' id='word_1_94' title='bbox 1098 586 1247 628; x_wconf 86' lang='lat' dir='ltr'><strong>antiquos</strong></span> <span class='ocrx_word' id='word_1_95' title='bbox 1272 597 1413 617; x_wconf 89' lang='lat' dir='ltr'><strong>canones</strong></span> <span class='ocrx_word' id='word_1_96' title='bbox 1439 586 1567 616; x_wconf 87' lang='lat' dir='ltr'><strong>omnino</strong></span> <span class='ocrx_word' id='word_1_97' title='bbox 1593 584 1765 617; x_wconf 83' lang='lat' dir='ltr'><strong>observare</strong></span> 
     </span>
     <span class='ocr_line' id='line_1_10' title="bbox 119 639 1765 683; baseline -0.002 -11"><span class='ocrx_word' id='word_1_98' title='bbox 119 640 284 681; x_wconf 80' lang='lat' dir='ltr'><strong>debemus,</strong></span> <span class='ocrx_word' id='word_1_99' title='bbox 309 646 344 672; x_wconf 92' lang='lat' dir='ltr'><strong>ut</strong></span> <span class='ocrx_word' id='word_1_100' title='bbox 361 641 415 683; x_wconf 91' lang='lat' dir='ltr'><strong>qui</strong></span> <span class='ocrx_word' id='word_1_101' title='bbox 436 640 476 672; x_wconf 86' lang='lat' dir='ltr'><strong>ab</strong></span> <span class='ocrx_word' id='word_1_102' title='bbox 494 640 669 672; x_wconf 85' lang='lat' dir='ltr'><strong>universali</strong></span> <span class='ocrx_word' id='word_1_103' title='bbox 689 639 813 682; x_wconf 74' lang='lat' dir='ltr'><strong>synodo</strong></span> <span class='ocrx_word' id='word_1_104' title='bbox 833 651 891 682; x_wconf 91' lang='lat' dir='ltr'><strong>pro</strong></span> <span class='ocrx_word' id='word_1_105' title='bbox 912 640 1007 671; x_wconf 87' lang='lat' dir='ltr'><strong>certis</strong></span> <span class='ocrx_word' id='word_1_106' title='bbox 1028 639 1217 670; x_wconf 79' lang='lat' dir='ltr'><strong>criminibus</strong></span> <span class='ocrx_word' id='word_1_107' title='bbox 1240 639 1539 670; x_wconf 80' lang='lat' dir='ltr'><strong>excommunicatus</strong></span> <span class='ocrx_word' id='word_1_108' title='bbox 1561 639 1666 679; x_wconf 88' lang='lat' dir='ltr'><strong>fuerit,</strong></span> <span class='ocrx_word' id='word_1_109' title='bbox 1693 645 1765 670; x_wconf 82' lang='lat' dir='ltr'><strong>ante</strong></span> 
     </span>
     <span class='ocr_line' id='line_1_11' title="bbox 75 692 1765 735; baseline 0 -12"><span class='ocrx_word' id='word_1_110' title='bbox 75 706 99 724; x_wconf 90' lang='lat'><strong>10</strong></span> <span class='ocrx_word' id='word_1_111' title='bbox 119 694 377 726; x_wconf 84' lang='lat' dir='ltr'><strong>emendationem</strong></span> <span class='ocrx_word' id='word_1_112' title='bbox 395 700 426 725; x_wconf 90' lang='lat' dir='ltr'><strong>et</strong></span> <span class='ocrx_word' id='word_1_113' title='bbox 443 694 722 725; x_wconf 79' lang='lat' dir='ltr'><strong>conversationem</strong></span> <span class='ocrx_word' id='word_1_114' title='bbox 740 705 803 724; x_wconf 90' lang='lat' dir='ltr'><strong>non</strong></span> <span class='ocrx_word' id='word_1_115' title='bbox 821 693 1016 735; x_wconf 86' lang='lat' dir='ltr'><strong>suscipiatur</strong></span> <span class='ocrx_word' id='word_1_116' title='bbox 1032 693 1073 724; x_wconf 88' lang='lat' dir='ltr'><strong>ab</strong></span> <span class='ocrx_word' id='word_1_117' title='bbox 1087 693 1205 735; x_wconf 82' lang='lat' dir='ltr'><strong>aliquo,</strong></span> <span class='ocrx_word' id='word_1_118' title='bbox 1223 704 1287 724; x_wconf 90' lang='lat' dir='ltr'><strong>non</strong></span> <span class='ocrx_word' id='word_1_119' title='bbox 1305 693 1487 735; x_wconf 86' lang='lat' dir='ltr'><strong>episcopus,</strong></span> <span class='ocrx_word' id='word_1_120' title='bbox 1505 704 1568 723; x_wconf 85' lang='lat' dir='ltr'><strong>non</strong></span> <span class='ocrx_word' id='word_1_121' title='bbox 1586 692 1765 735; x_wconf 70' lang='lat' dir='ltr'><strong>presbyter,</strong></span> 
     </span>
     <span class='ocr_line' id='line_1_12' title="bbox 120 746 1766 789; baseline -0.002 -10"><span class='ocrx_word' id='word_1_122' title='bbox 120 759 184 779; x_wconf 91' lang='lat' dir='ltr'><strong>non</strong></span> <span class='ocrx_word' id='word_1_123' title='bbox 209 748 374 788; x_wconf 85' lang='lat' dir='ltr'><strong>diaconus,</strong></span> <span class='ocrx_word' id='word_1_124' title='bbox 406 759 471 779; x_wconf 92' lang='lat' dir='ltr'><strong>non</strong></span> <span class='ocrx_word' id='word_1_125' title='bbox 494 747 595 779; x_wconf 89' lang='lat' dir='ltr'><strong>laicus</strong></span> <span class='ocrx_word' id='word_1_126' title='bbox 621 753 652 778; x_wconf 89' lang='lat' dir='ltr'><strong>et</strong></span> <span class='ocrx_word' id='word_1_127' title='bbox 676 747 781 778; x_wconf 88' lang='lat' dir='ltr'><strong>nullus</strong></span> <span class='ocrx_word' id='word_1_128' title='bbox 806 747 934 778; x_wconf 90' lang='lat' dir='ltr'><strong>omnino</strong></span> <span class='ocrx_word' id='word_1_129' title='bbox 960 746 999 778; x_wconf 91' lang='lat' dir='ltr'><strong>de</strong></span> <span class='ocrx_word' id='word_1_130' title='bbox 1028 746 1156 789; x_wconf 89' lang='lat' dir='ltr'><strong>populis</strong></span> <span class='ocrx_word' id='word_1_131' title='bbox 1183 746 1379 785; x_wconf 74' lang='lat' dir='ltr'><strong>aecclesiae,</strong></span> <span class='ocrx_word' id='word_1_132' title='bbox 1413 751 1444 777; x_wconf 90' lang='lat' dir='ltr'><strong>ct</strong></span> <span class='ocrx_word' id='word_1_133' title='bbox 1468 746 1494 776; x_wconf 90' lang='lat' dir='ltr'><strong>si</strong></span> <span class='ocrx_word' id='word_1_134' title='bbox 1519 746 1670 787; x_wconf 85' lang='lat' dir='ltr'><strong>pertinax</strong></span> <span class='ocrx_word' id='word_1_135' title='bbox 1696 757 1766 788; x_wconf 87' lang='lat' dir='ltr'><strong>per-</strong></span> 
     </span>
     <span class='ocr_line' id='line_1_13' title="bbox 118 800 1767 842; baseline -0.002 -10"><span class='ocrx_word' id='word_1_136' title='bbox 118 802 318 833; x_wconf 81' lang='lat' dir='ltr'><strong>severaverit</strong></span> <span class='ocrx_word' id='word_1_137' title='bbox 342 806 374 832; x_wconf 92' lang='lat' dir='ltr'><strong>et</strong></span> <span class='ocrx_word' id='word_1_138' title='bbox 397 801 534 832; x_wconf 89' lang='lat' dir='ltr'><strong>noluerit</strong></span> <span class='ocrx_word' id='word_1_139' title='bbox 558 801 703 832; x_wconf 83' lang='lat' dir='ltr'><strong>converti</strong></span> <span class='ocrx_word' id='word_1_140' title='bbox 728 800 769 831; x_wconf 87' lang='lat' dir='ltr'><strong>ad</strong></span> <span class='ocrx_word' id='word_1_141' title='bbox 793 801 949 831; x_wconf 89' lang='lat' dir='ltr'><strong>unitatem</strong></span> <span class='ocrx_word' id='word_1_142' title='bbox 974 800 1164 840; x_wconf 81' lang='lat' dir='ltr'><strong>aecclesiae,</strong></span> <span class='ocrx_word' id='word_1_143' title='bbox 1199 811 1259 831; x_wconf 89' lang='lat' dir='ltr'><strong>nec</strong></span> <span class='ocrx_word' id='word_1_144' title='bbox 1291 805 1363 842; x_wconf 90' lang='lat' dir='ltr'><strong>post</strong></span> <span class='ocrx_word' id='word_1_145' title='bbox 1394 804 1528 830; x_wconf 86' lang='lat' dir='ltr'><strong>mortem</strong></span> <span class='ocrx_word' id='word_1_146' title='bbox 1555 800 1587 829; x_wconf 92' lang='lat' dir='ltr'><strong>in</strong></span> <span class='ocrx_word' id='word_1_147' title='bbox 1611 800 1767 830; x_wconf 85' lang='lat' dir='ltr'><strong>memoria</strong></span> 
     </span>
     <span class='ocr_line' id='line_1_14' title="bbox 118 851 1768 897; baseline -0.002 -11"><span class='ocrx_word' id='word_1_148' title='bbox 118 855 187 886; x_wconf 89' lang='lat' dir='ltr'><strong>eius</strong></span> <span class='ocrx_word' id='word_1_149' title='bbox 211 866 271 886; x_wconf 89' lang='lat' dir='ltr'><strong>nec</strong></span> <span class='ocrx_word' id='word_1_150' title='bbox 297 855 452 897; x_wconf 88' lang='lat' dir='ltr'><strong>scriptum</strong></span> <span class='ocrx_word' id='word_1_151' title='bbox 476 866 536 885; x_wconf 90' lang='lat' dir='ltr'><strong>nec</strong></span> <span class='ocrx_word' id='word_1_152' title='bbox 562 853 740 885; x_wconf 83' lang='lat' dir='ltr'><strong>oblationes</strong></span> <span class='ocrx_word' id='word_1_153' title='bbox 765 865 822 896; x_wconf 92' lang='lat' dir='ltr'><strong>pro</strong></span> <span class='ocrx_word' id='word_1_154' title='bbox 852 853 905 884; x_wconf 92' lang='lat' dir='ltr'><strong>illo</strong></span> <span class='ocrx_word' id='word_1_155' title='bbox 937 854 1053 884; x_wconf 78' lang='lat' dir='ltr'><strong>offerre</strong></span> <span class='ocrx_word' id='word_1_156' title='bbox 1084 854 1117 884; x_wconf 92' lang='lat' dir='ltr'><strong>in</strong></span> <span class='ocrx_word' id='word_1_157' title='bbox 1148 853 1309 884; x_wconf 85' lang='lat' dir='ltr'><strong>aecclesia</strong></span> <span class='ocrx_word' id='word_1_158' title='bbox 1341 852 1501 884; x_wconf 87' lang='lat' dir='ltr'><strong>catholiea</strong></span> <span class='ocrx_word' id='word_1_159' title='bbox 1532 864 1596 883; x_wconf 90' lang='lat' dir='ltr'><strong>non</strong></span> <span class='ocrx_word' id='word_1_160' title='bbox 1628 851 1768 883; x_wconf 88' lang='lat' dir='ltr'><strong>debeant</strong></span> 
     </span>
     <span class='ocr_line' id='line_1_15' title="bbox 117 906 1766 950; baseline -0.002 -11"><span class='ocrx_word' id='word_1_161' title='bbox 117 920 177 940; x_wconf 87' lang='lat' dir='ltr'><strong>nec</strong></span> <span class='ocrx_word' id='word_1_162' title='bbox 202 920 276 940; x_wconf 90' lang='lat' dir='ltr'><strong>suas</strong></span> <span class='ocrx_word' id='word_1_163' title='bbox 301 908 492 939; x_wconf 84' lang='lat' dir='ltr'><strong>elemosinas</strong></span> <span class='ocrx_word' id='word_1_164' title='bbox 516 908 671 950; x_wconf 88' lang='lat' dir='ltr'><strong>recipere.</strong></span> <span class='ocrx_word' id='word_1_165' title='bbox 708 908 750 938; x_wconf 82' lang='lat' dir='ltr'><strong>Et</strong></span> <span class='ocrx_word' id='word_1_166' title='bbox 774 908 801 938; x_wconf 88' lang='lat' dir='ltr'><strong>si</strong></span> <span class='ocrx_word' id='word_1_167' title='bbox 826 908 897 950; x_wconf 87' lang='lat' dir='ltr'><strong>quis</strong></span> <span class='ocrx_word' id='word_1_168' title='bbox 922 913 995 938; x_wconf 89' lang='lat' dir='ltr'><strong>ante</strong></span> <span class='ocrx_word' id='word_1_169' title='bbox 1021 907 1280 938; x_wconf 79' lang='lat' dir='ltr'><strong>emendationem</strong></span> <span class='ocrx_word' id='word_1_170' title='bbox 1306 906 1451 938; x_wconf 75' lang='grc'><strong>0111011111</strong></span> <span class='ocrx_word' id='word_1_171' title='bbox 1469 906 1766 945; x_wconf 81' lang='lat' dir='ltr'><strong>communicaverit,</strong></span> 
     </span>
     <span class='ocr_line' id='line_1_16' title="bbox 74 959 1766 1004; baseline -0.001 -13"><span class='ocrx_word' id='word_1_172' title='bbox 74 973 98 992; x_wconf 80' lang='lat'><strong>15</strong></span> <span class='ocrx_word' id='word_1_173' title='bbox 117 962 208 994; x_wconf 87' lang='lat' dir='ltr'><strong>iuxta</strong></span> <span class='ocrx_word' id='word_1_174' title='bbox 232 973 373 993; x_wconf 88' lang='lat' dir='ltr'><strong>canones</strong></span> <span class='ocrx_word' id='word_1_175' title='bbox 397 962 546 1004; x_wconf 87' lang='lat' dir='ltr'><strong>antiquos</strong></span> <span class='ocrx_word' id='word_1_176' title='bbox 571 961 871 993; x_wconf 84' lang='lat' dir='ltr'><strong>excommunicetur</strong></span> <span class='ocrx_word' id='word_1_177' title='bbox 895 972 967 992; x_wconf 82' lang='lat' dir='ltr'><strong>cum</strong></span> <span class='ocrx_word' id='word_1_178' title='bbox 992 961 1046 992; x_wconf 86' lang='lat' dir='ltr'><strong>illo</strong></span> <span class='ocrx_word' id='word_1_179' title='bbox 1070 972 1172 1003; x_wconf 84' lang='lat' dir='ltr'><strong>usque</strong></span> <span class='ocrx_word' id='word_1_180' title='bbox 1197 960 1238 992; x_wconf 90' lang='lat' dir='ltr'><strong>ad</strong></span> <span class='ocrx_word' id='word_1_181' title='bbox 1256 961 1490 992; x_wconf 85' lang='lat' dir='ltr'><strong>correctionem</strong></span> <span class='ocrx_word' id='word_1_182' title='bbox 1509 959 1598 990; x_wconf 86' lang='lat' dir='ltr'><strong>etad</strong></span> <span class='ocrx_word' id='word_1_183' title='bbox 1617 959 1766 990; x_wconf 84' lang='lat' dir='ltr'><strong>emenda-</strong></span> 
     </span>
    </p>
   </div>
   <div class='ocr_carea' id='block_1_4' title="bbox 116 1016 480 1047">
    <p class='ocr_par' dir='ltr' id='par_1_5' title="bbox 116 1016 480 1047">
     <span class='ocr_line' id='line_1_17' title="bbox 116 1016 480 1047; baseline -0.003 0"><span class='ocrx_word' id='word_1_184' title='bbox 116 1016 236 1047; x_wconf 86' lang='lat' dir='ltr'><strong>tionem</strong></span> <span class='ocrx_word' id='word_1_185' title='bbox 261 1016 346 1046; x_wconf 89' lang='lat' dir='ltr'><strong>vitae</strong></span> <span class='ocrx_word' id='word_1_186' title='bbox 371 1026 448 1046; x_wconf 86' lang='lat' dir='ltr'><strong>suae</strong></span> <span class='ocrx_word' id='word_1_187' title='bbox 460 1018 480 1046; x_wconf 82' lang='lat'><strong>¹.</strong></span> 
     </span>
    </p>
   </div>
   <div class='ocr_carea' id='block_1_5' title="bbox 115 1076 1767 1228">
    <p class='ocr_par' dir='ltr' id='par_1_6' title="bbox 115 1076 1767 1228">
     <span class='ocr_line' id='line_1_18' title="bbox 224 1076 1766 1123; baseline -0.002 -14"><span class='ocrx_word' id='word_1_188' title='bbox 224 1078 363 1123; x_wconf 78' lang='lat' dir='ltr'><strong>(XVH).</strong></span> <span class='ocrx_word' id='word_1_189' title='bbox 399 1077 442 1109; x_wconf 84' lang='lat' dir='ltr'><strong>Et</strong></span> <span class='ocrx_word' id='word_1_190' title='bbox 465 1077 526 1108; x_wconf 91' lang='lat' dir='ltr'><strong>hoc</strong></span> <span class='ocrx_word' id='word_1_191' title='bbox 551 1077 723 1119; x_wconf 85' lang='lat' dir='ltr'><strong>diligenter</strong></span> <span class='ocrx_word' id='word_1_192' title='bbox 747 1076 922 1109; x_wconf 84' lang='lat' dir='ltr'><strong>observare</strong></span> <span class='ocrx_word' id='word_1_193' title='bbox 947 1076 1113 1118; x_wconf 77' lang='lat' dir='ltr'><strong>debemus,</strong></span> <span class='ocrx_word' id='word_1_194' title='bbox 1140 1083 1175 1109; x_wconf 89' lang='lat' dir='ltr'><strong>ut</strong></span> <span class='ocrx_word' id='word_1_195' title='bbox 1199 1077 1253 1120; x_wconf 93' lang='lat' dir='ltr'><strong>qui</strong></span> <span class='ocrx_word' id='word_1_196' title='bbox 1278 1077 1425 1108; x_wconf 84' lang='lat' dir='ltr'><strong>viventes</strong></span> <span class='ocrx_word' id='word_1_197' title='bbox 1450 1081 1669 1118; x_wconf 85' lang='lat' dir='ltr'><strong>peecaverunt</strong></span> <span class='ocrx_word' id='word_1_198' title='bbox 1693 1087 1766 1118; x_wconf 90' lang='lat' dir='ltr'><strong>pec-</strong></span> 
     </span>
     <span class='ocr_line' id='line_1_19' title="bbox 117 1130 1767 1174; baseline -0.002 -12"><span class='ocrx_word' id='word_1_199' title='bbox 117 1136 223 1163; x_wconf 85' lang='lat' dir='ltr'><strong>eatum</strong></span> <span class='ocrx_word' id='word_1_200' title='bbox 247 1142 349 1174; x_wconf 89' lang='lat' dir='ltr'><strong>usque</strong></span> <span class='ocrx_word' id='word_1_201' title='bbox 374 1131 414 1162; x_wconf 88' lang='lat' dir='ltr'><strong>ad</strong></span> <span class='ocrx_word' id='word_1_202' title='bbox 441 1136 576 1162; x_wconf 87' lang='lat' dir='ltr'><strong>mortem</strong></span> <span class='ocrx_word' id='word_1_203' title='bbox 601 1131 810 1162; x_wconf 87' lang='lat' dir='ltr'><strong>elemosinam</strong></span> <span class='ocrx_word' id='word_1_204' title='bbox 835 1131 887 1162; x_wconf 82' lang='lat' dir='ltr'><strong>vel</strong></span> <span class='ocrx_word' id='word_1_205' title='bbox 911 1132 1084 1173; x_wconf 88' lang='lat' dir='ltr'><strong>pecuniam</strong></span> <span class='ocrx_word' id='word_1_206' title='bbox 1109 1131 1214 1162; x_wconf 90' lang='lat' dir='ltr'><strong>nullus</strong></span> <span class='ocrx_word' id='word_1_207' title='bbox 1239 1130 1392 1162; x_wconf 86' lang='lat' dir='ltr'><strong>sacerdos</strong></span> <span class='ocrx_word' id='word_1_208' title='bbox 1416 1130 1565 1172; x_wconf 84' lang='lat' dir='ltr'><strong>accipiat,</strong></span> <span class='ocrx_word' id='word_1_209' title='bbox 1594 1130 1670 1171; x_wconf 84' lang='lat' dir='ltr'><strong>quia</strong></span> <span class='ocrx_word' id='word_1_210' title='bbox 1695 1141 1767 1160; x_wconf 90' lang='lat' dir='ltr'><strong>cum</strong></span> 
     </span>
     <span class='ocr_line' id='line_1_20' title="bbox 115 1184 1410 1228; baseline -0.001 -12"><span class='ocrx_word' id='word_1_211' title='bbox 115 1185 177 1216; x_wconf 89' lang='lat' dir='ltr'><strong>illis</strong></span> <span class='ocrx_word' id='word_1_212' title='bbox 202 1184 401 1228; x_wconf 86' lang='lat' dir='ltr'><strong>quibuslibet</strong></span> <span class='ocrx_word' id='word_1_213' title='bbox 424 1184 636 1227; x_wconf 86' lang='lat' dir='ltr'><strong>peccantibus</strong></span> <span class='ocrx_word' id='word_1_214' title='bbox 662 1190 693 1216; x_wconf 88' lang='lat' dir='ltr'><strong>et</strong></span> <span class='ocrx_word' id='word_1_215' title='bbox 717 1184 903 1216; x_wconf 78' lang='lat' dir='ltr'><strong>viventibus</strong></span> <span class='ocrx_word' id='word_1_216' title='bbox 929 1186 1166 1216; x_wconf 84' lang='lat' dir='ltr'><strong>communicare</strong></span> <span class='ocrx_word' id='word_1_217' title='bbox 1192 1184 1410 1227; x_wconf 89' lang='lat' dir='ltr'><strong>prohibemus.</strong></span> 
     </span>
    </p>
   </div>
   <div class='ocr_carea' id='block_1_6' title="bbox 71 1245 1769 1450">
    <p class='ocr_par' dir='ltr' id='par_1_7' title="bbox 71 1245 1769 1450">
     <span class='ocr_line' id='line_1_21' title="bbox 71 1245 1769 1290; baseline -0.001 -13"><span class='ocrx_word' id='word_1_218' title='bbox 71 1259 96 1277; x_wconf 85' lang='lat'><strong>20</strong></span> <span class='ocrx_word' id='word_1_219' title='bbox 222 1247 377 1289; x_wconf 78' lang='lat' dir='ltr'><strong>(XVIII).</strong></span> <span class='ocrx_word' id='word_1_220' title='bbox 415 1248 449 1278; x_wconf 80' lang='lat' dir='ltr'><strong>Si</strong></span> <span class='ocrx_word' id='word_1_221' title='bbox 475 1248 546 1289; x_wconf 91' lang='lat' dir='ltr'><strong>quis</strong></span> <span class='ocrx_word' id='word_1_222' title='bbox 576 1247 638 1278; x_wconf 85' lang='lat' dir='ltr'><strong>hoe</strong></span> <span class='ocrx_word' id='word_1_223' title='bbox 663 1247 702 1278; x_wconf 90' lang='lat' dir='ltr'><strong>de</strong></span> <span class='ocrx_word' id='word_1_224' title='bbox 728 1247 889 1289; x_wconf 87' lang='lat' dir='ltr'><strong>episcopis</strong></span> <span class='ocrx_word' id='word_1_225' title='bbox 913 1247 965 1278; x_wconf 79' lang='lat' dir='ltr'><strong>vel</strong></span> <span class='ocrx_word' id='word_1_226' title='bbox 990 1247 1030 1278; x_wconf 89' lang='lat' dir='ltr'><strong>de</strong></span> <span class='ocrx_word' id='word_1_227' title='bbox 1055 1247 1254 1290; x_wconf 86' lang='lat' dir='ltr'><strong>presbyteris</strong></span> <span class='ocrx_word' id='word_1_228' title='bbox 1286 1258 1350 1278; x_wconf 92' lang='lat' dir='ltr'><strong>non</strong></span> <span class='ocrx_word' id='word_1_229' title='bbox 1384 1245 1572 1278; x_wconf 88' lang='lat' dir='ltr'><strong>custodierit</strong></span> <span class='ocrx_word' id='word_1_230' title='bbox 1603 1251 1634 1276; x_wconf 90' lang='lat' dir='ltr'><strong>et</strong></span> <span class='ocrx_word' id='word_1_231' title='bbox 1658 1250 1769 1276; x_wconf 89' lang='lat' dir='ltr'><strong>contra</strong></span> 
     </span>
     <span class='ocr_line' id='line_1_22' title="bbox 116 1300 1767 1343; baseline -0.002 -11"><span class='ocrx_word' id='word_1_232' title='bbox 116 1301 199 1332; x_wconf 90' lang='lat' dir='ltr'><strong>hane</strong></span> <span class='ocrx_word' id='word_1_233' title='bbox 225 1301 485 1332; x_wconf 88' lang='lat' dir='ltr'><strong>constitutionem</strong></span> <span class='ocrx_word' id='word_1_234' title='bbox 509 1306 636 1343; x_wconf 87' lang='lat' dir='ltr'><strong>patrum</strong></span> <span class='ocrx_word' id='word_1_235' title='bbox 661 1300 712 1331; x_wconf 82' lang='lat' dir='ltr'><strong>vel</strong></span> <span class='ocrx_word' id='word_1_236' title='bbox 736 1301 881 1336; x_wconf 80' lang='lat' dir='ltr'><strong>fratrum,</strong></span> <span class='ocrx_word' id='word_1_237' title='bbox 915 1302 969 1343; x_wconf 88' lang='lat' dir='ltr'><strong>qui</strong></span> <span class='ocrx_word' id='word_1_238' title='bbox 1001 1302 1033 1332; x_wconf 91' lang='grc'><strong>111</strong></span> <span class='ocrx_word' id='word_1_239' title='bbox 1064 1302 1228 1343; x_wconf 89' lang='lat' dir='ltr'><strong>praesenti</strong></span> <span class='ocrx_word' id='word_1_240' title='bbox 1261 1307 1334 1332; x_wconf 88' lang='lat' dir='ltr'><strong>sunt</strong></span> <span class='ocrx_word' id='word_1_241' title='bbox 1366 1306 1396 1331; x_wconf 85' lang='grc'><strong>01</strong></span> <span class='ocrx_word' id='word_1_242' title='bbox 1428 1312 1524 1331; x_wconf 86' lang='lat' dir='ltr'><strong>manu</strong></span> <span class='ocrx_word' id='word_1_243' title='bbox 1550 1300 1767 1338; x_wconf 82' lang='lat' dir='ltr'><strong>firmaverunt,</strong></span> 
     </span>
     <span class='ocr_line' id='line_1_23' title="bbox 117 1354 1768 1397; baseline -0.002 -11"><span class='ocrx_word' id='word_1_244' title='bbox 117 1366 158 1386; x_wconf 88' lang='lat' dir='ltr'><strong>ex</strong></span> <span class='ocrx_word' id='word_1_245' title='bbox 183 1355 228 1386; x_wconf 85' lang='lat' dir='ltr'><strong>eis</strong></span> <span class='ocrx_word' id='word_1_246' title='bbox 253 1354 378 1397; x_wconf 86' lang='lat' dir='ltr'><strong>aliquid</strong></span> <span class='ocrx_word' id='word_1_247' title='bbox 399 1354 597 1387; x_wconf 75' lang='lat' dir='ltr'><strong>abstraxerit</strong></span> <span class='ocrx_word' id='word_1_248' title='bbox 621 1360 653 1385; x_wconf 87' lang='lat' dir='ltr'><strong>et</strong></span> <span class='ocrx_word' id='word_1_249' title='bbox 677 1360 788 1385; x_wconf 83' lang='lat' dir='ltr'><strong>eontra</strong></span> <span class='ocrx_word' id='word_1_250' title='bbox 813 1360 931 1386; x_wconf 87' lang='lat' dir='ltr'><strong>statuta</strong></span> <span class='ocrx_word' id='word_1_251' title='bbox 955 1354 1088 1386; x_wconf 84' lang='lat' dir='ltr'><strong>fratrum</strong></span> <span class='ocrx_word' id='word_1_252' title='bbox 1113 1355 1366 1397; x_wconf 83' lang='lat' dir='ltr'><strong>praesumpserit</strong></span> <span class='ocrx_word' id='word_1_253' title='bbox 1390 1354 1509 1393; x_wconf 82' lang='lat' dir='ltr'><strong>facere,</strong></span> <span class='ocrx_word' id='word_1_254' title='bbox 1542 1354 1624 1384; x_wconf 78' lang='lat' dir='ltr'><strong>sciat</strong></span> <span class='ocrx_word' id='word_1_255' title='bbox 1655 1364 1688 1383; x_wconf 85' lang='lat' dir='ltr'><strong>se</strong></span> <span class='ocrx_word' id='word_1_256' title='bbox 1715 1364 1768 1383; x_wconf 82' lang='lat' dir='ltr'><strong>ex-</strong></span> 
     </span>
     <span class='ocr_line' id='line_1_24' title="bbox 116 1407 1028 1450; baseline 0 -11"><span class='ocrx_word' id='word_1_257' title='bbox 116 1408 420 1440; x_wconf 88' lang='lat' dir='ltr'><strong>communicandum</strong></span> <span class='ocrx_word' id='word_1_258' title='bbox 445 1420 464 1439; x_wconf 88' lang='lat' dir='ltr'><strong>a</strong></span> <span class='ocrx_word' id='word_1_259' title='bbox 488 1408 611 1450; x_wconf 82' lang='lat' dir='ltr'><strong>synodo</strong></span> <span class='ocrx_word' id='word_1_260' title='bbox 636 1407 777 1450; x_wconf 85' lang='lat' dir='ltr'><strong>publica.</strong></span> <span class='ocrx_word' id='word_1_261' title='bbox 824 1407 1028 1450; x_wconf 87' lang='lat' dir='ltr'><strong>Explicit.</strong></span> 
     </span>
    </p>
   </div>
   <div class='ocr_carea' id='block_1_7' title="bbox 72 1560 1770 1952">
    <p class='ocr_par' dir='ltr' id='par_1_8' title="bbox 222 1560 1430 1595">
     <span class='ocr_line' id='line_1_25' title="bbox 222 1560 1430 1595; baseline -0.001 -8"><span class='ocrx_word' id='word_1_262' title='bbox 222 1563 281 1587; x_wconf 83' lang='lat' dir='ltr'><strong>XV.</strong></span> <span class='ocrx_word' id='word_1_263' title='bbox 312 1564 326 1587; x_wconf 83' lang='lat'>5</span> <span class='ocrx_word' id='word_1_264' title='bbox 347 1563 537 1595; x_wconf 78' lang='lat' dir='ltr'><strong>magniloquus</strong></span> <span class='ocrx_word' id='word_1_265' title='bbox 557 1566 585 1588; x_wconf 90' lang='lat' dir='ltr'><strong>ut</strong></span> <span class='ocrx_word' id='word_1_266' title='bbox 606 1560 637 1595; x_wconf 90' lang='lat' dir='ltr'><strong>si]</strong></span> <span class='ocrx_word' id='word_1_267' title='bbox 658 1562 872 1595; x_wconf 83' lang='lat' dir='ltr'><strong>magniloquium</strong></span> <span class='ocrx_word' id='word_1_268' title='bbox 894 1564 949 1594; x_wconf 80' lang='lat' dir='ltr'><strong>ipse</strong></span> <span class='ocrx_word' id='word_1_269' title='bbox 970 1562 1006 1589; x_wconf 75' lang='lat' dir='ltr'><strong>M.</strong></span> <span class='ocrx_word' id='word_1_270' title='bbox 1027 1571 1088 1595; x_wconf 73' lang='lat' dir='ltr'><strong>quae</strong></span> <span class='ocrx_word' id='word_1_271' title='bbox 1107 1562 1245 1587; x_wconf 71' lang='lat' dir='ltr'><strong>emendarit</strong></span> <span class='ocrx_word' id='word_1_272' title='bbox 1265 1562 1298 1587; x_wconf 89' lang='lat' dir='ltr'><strong>K.</strong></span> <span class='ocrx_word' id='word_1_273' title='bbox 1320 1562 1430 1587; x_wconf 74' lang='lat' dir='ltr'><strong>Zemner.</strong></span> 
     </span>
    </p>

    <p class='ocr_par' dir='ltr' id='par_1_9' title="bbox 72 1605 1554 1640">
     <span class='ocr_line' id='line_1_26' title="bbox 72 1605 1554 1640; baseline -0.003 -6"><span class='ocrx_word' id='word_1_274' title='bbox 72 1615 97 1634; x_wconf 71' lang='lat'><strong>:25</strong></span> <span class='ocrx_word' id='word_1_275' title='bbox 225 1609 294 1632; x_wconf 70' lang='lat' dir='ltr'><strong>XVI.</strong></span> <span class='ocrx_word' id='word_1_276' title='bbox 329 1610 360 1632; x_wconf 76' lang='lat'><strong>12</strong></span> <span class='ocrx_word' id='word_1_277' title='bbox 381 1606 441 1640; x_wconf 79' lang='lat' dir='ltr'><strong>nec]</strong></span> <span class='ocrx_word' id='word_1_278' title='bbox 462 1617 516 1633; x_wconf 87' lang='lat' dir='ltr'><strong>non</strong></span> <span class='ocrx_word' id='word_1_279' title='bbox 537 1609 571 1633; x_wconf 56' lang='grc'><strong>111.</strong></span> <span class='ocrx_word' id='word_1_280' title='bbox 644 1609 670 1632; x_wconf 88' lang='grc'><strong>111</strong></span> <span class='ocrx_word' id='word_1_281' title='bbox 690 1609 772 1640; x_wconf 74' lang='lat' dir='ltr'><strong>suppl.</strong></span> <span class='ocrx_word' id='word_1_282' title='bbox 793 1617 804 1632; x_wconf 80' lang='lat' dir='ltr'><strong>e</strong></span> <span class='ocrx_word' id='word_1_283' title='bbox 823 1617 885 1632; x_wconf 79' lang='lat' dir='ltr'><strong>corr.</strong></span> <span class='ocrx_word' id='word_1_284' title='bbox 958 1609 988 1632; x_wconf 86' lang='lat'><strong>13</strong></span> <span class='ocrx_word' id='word_1_285' title='bbox 1009 1616 1057 1631; x_wconf 82' lang='lat' dir='ltr'><strong>nec</strong></span> <span class='ocrx_word' id='word_1_286' title='bbox 1079 1605 1218 1639; x_wconf 74' lang='lat' dir='ltr'><strong>scriptum]</strong></span> <span class='ocrx_word' id='word_1_287' title='bbox 1242 1616 1347 1631; x_wconf 81' lang='lat' dir='ltr'><strong>necnon</strong></span> <span class='ocrx_word' id='word_1_288' title='bbox 1367 1608 1497 1638; x_wconf 66' lang='lat' dir='ltr'><strong>scriptum</strong></span> <span class='ocrx_word' id='word_1_289' title='bbox 1520 1606 1554 1630; x_wconf 34' lang='lat' dir='ltr'><strong>ils.</strong></span> 
     </span>
    </p>

    <p class='ocr_par' dir='ltr' id='par_1_10' title="bbox 223 1649 1430 1685">
     <span class='ocr_line' id='line_1_27' title="bbox 223 1649 1430 1685; baseline -0.001 -9"><span class='ocrx_word' id='word_1_290' title='bbox 223 1653 313 1677; x_wconf 82' lang='lat' dir='ltr'><strong>XVII.</strong></span> <span class='ocrx_word' id='word_1_291' title='bbox 346 1654 375 1678; x_wconf 75' lang='lat'><strong>17</strong></span> <span class='ocrx_word' id='word_1_292' title='bbox 396 1651 435 1684; x_wconf 90' lang='lat' dir='ltr'><strong>ut]</strong></span> <span class='ocrx_word' id='word_1_293' title='bbox 455 1653 506 1678; x_wconf 77' lang='lat' dir='ltr'><strong>scil.</strong></span> <span class='ocrx_word' id='word_1_294' title='bbox 528 1661 630 1678; x_wconf 79' lang='lat' dir='ltr'><strong>eorum.</strong></span> <span class='ocrx_word' id='word_1_295' title='bbox 704 1654 735 1677; x_wconf 80' lang='lat'><strong>18</strong></span> <span class='ocrx_word' id='word_1_296' title='bbox 756 1650 825 1683; x_wconf 84' lang='lat' dir='ltr'><strong>cum]</strong></span> <span class='ocrx_word' id='word_1_297' title='bbox 848 1661 895 1685; x_wconf 84' lang='lat' dir='ltr'><strong>pro</strong></span> <span class='ocrx_word' id='word_1_298' title='bbox 917 1651 951 1676; x_wconf 74' lang='lat' dir='ltr'><strong>M.</strong></span> <span class='ocrx_word' id='word_1_299' title='bbox 1027 1654 1056 1676; x_wconf 64' lang='lat'><strong>19</strong></span> <span class='ocrx_word' id='word_1_300' title='bbox 1078 1649 1256 1683; x_wconf 76' lang='lat' dir='ltr'><strong>quibuslibet]</strong></span> <span class='ocrx_word' id='word_1_301' title='bbox 1277 1652 1373 1683; x_wconf 76' lang='lat' dir='ltr'><strong>quibus</strong></span> <span class='ocrx_word' id='word_1_302' title='bbox 1395 1652 1430 1675; x_wconf 71' lang='lat' dir='ltr'><strong>Jl.</strong></span> 
     </span>
    </p>

    <p class='ocr_par' dir='ltr' id='par_1_11' title="bbox 116 1693 1770 1819">
     <span class='ocr_line' id='line_1_28' title="bbox 223 1693 1770 1729; baseline -0.001 -8"><span class='ocrx_word' id='word_1_303' title='bbox 223 1698 326 1721; x_wconf 73' lang='lat' dir='ltr'><strong>XVIII.</strong></span> <span class='ocrx_word' id='word_1_304' title='bbox 358 1699 391 1722; x_wconf 75' lang='lat'><strong>20</strong></span> <span class='ocrx_word' id='word_1_305' title='bbox 412 1695 515 1729; x_wconf 78' lang='lat' dir='ltr'><strong>contra]</strong></span> <span class='ocrx_word' id='word_1_306' title='bbox 538 1701 611 1722; x_wconf 78' lang='lat' dir='ltr'><strong>extra</strong></span> <span class='ocrx_word' id='word_1_307' title='bbox 631 1698 667 1722; x_wconf 67' lang='lat' dir='ltr'><strong>fll-</strong></span> <span class='ocrx_word' id='word_1_308' title='bbox 735 1698 767 1722; x_wconf 76' lang='grc'><strong>22</strong></span> <span class='ocrx_word' id='word_1_309' title='bbox 788 1695 902 1729; x_wconf 81' lang='lat' dir='ltr'><strong>aliquid]</strong></span> <span class='ocrx_word' id='word_1_310' title='bbox 923 1697 1016 1728; x_wconf 81' lang='lat' dir='ltr'><strong>aliqua</strong></span> <span class='ocrx_word' id='word_1_311' title='bbox 1035 1697 1057 1720; x_wconf 88' lang='lat' dir='ltr'><strong>si</strong></span> <span class='ocrx_word' id='word_1_312' title='bbox 1078 1697 1113 1720; x_wconf 80' lang='lat' dir='ltr'><strong>M.</strong></span> <span class='ocrx_word' id='word_1_313' title='bbox 1182 1697 1214 1720; x_wconf 84' lang='lat'><strong>23</strong></span> <span class='ocrx_word' id='word_1_314' title='bbox 1234 1696 1344 1728; x_wconf 74' lang='lat' dir='ltr'><strong>publicu</strong></span> <span class='ocrx_word' id='word_1_315' title='bbox 1365 1696 1400 1720; x_wconf 79' lang='lat' dir='ltr'><strong>M.</strong></span> <span class='ocrx_word' id='word_1_316' title='bbox 1469 1693 1598 1728; x_wconf 82' lang='lat' dir='ltr'><strong>Explicit]</strong></span> <span class='ocrx_word' id='word_1_317' title='bbox 1618 1695 1645 1719; x_wconf 81' lang='grc' dir='ltr'><strong>’ῖη</strong></span> <span class='ocrx_word' id='word_1_318' title='bbox 1666 1695 1699 1719; x_wconf 69' lang='lat' dir='ltr'><strong>J!</strong></span> <span class='ocrx_word' id='word_1_319' title='bbox 1712 1695 1770 1719; x_wconf 77' lang='lat' dir='ltr'><strong>haec</strong></span> 
     </span>
     <span class='ocr_line' id='line_1_29' title="bbox 116 1740 1769 1774; baseline -0.001 -9"><span class='ocrx_word' id='word_1_320' title='bbox 116 1746 268 1774; x_wconf 65' lang='lat' dir='ltr'><strong>sequuntur:</strong></span> <span class='ocrx_word' id='word_1_321' title='bbox 288 1742 382 1766; x_wconf 85' lang='lat' dir='ltr'><strong>Mundi</strong></span> <span class='ocrx_word' id='word_1_322' title='bbox 397 1743 540 1766; x_wconf 85' lang='lat' dir='ltr'><strong>terminum</strong></span> <span class='ocrx_word' id='word_1_323' title='bbox 560 1743 645 1766; x_wconf 83' lang='lat' dir='ltr'><strong>ruinis</strong></span> <span class='ocrx_word' id='word_1_324' title='bbox 660 1743 896 1767; x_wconf 73' lang='lat' dir='ltr'><strong>crebrescentibus</strong></span> <span class='ocrx_word' id='word_1_325' title='bbox 909 1750 992 1774; x_wconf 87' lang='lat' dir='ltr'><strong>prope</strong></span> <span class='ocrx_word' id='word_1_326' title='bbox 1013 1742 1108 1765; x_wconf 80' lang='lat' dir='ltr'><strong>adesse</strong></span> <span class='ocrx_word' id='word_1_327' title='bbox 1123 1742 1329 1772; x_wconf 78' lang='lat' dir='ltr'><strong>cognoscimus3</strong></span> <span class='ocrx_word' id='word_1_328' title='bbox 1350 1741 1466 1772; x_wconf 80' lang='lat' dir='ltr'><strong>ideoque</strong></span> <span class='ocrx_word' id='word_1_329' title='bbox 1485 1743 1593 1772; x_wconf 83' lang='lat' dir='ltr'><strong>oportet</strong></span> <span class='ocrx_word' id='word_1_330' title='bbox 1612 1740 1769 1764; x_wconf 78' lang='lat' dir='ltr'><strong>sacerdotes</strong></span> 
     </span>
     <span class='ocr_line' id='line_1_30' title="bbox 117 1784 1769 1819; baseline -0.001 -9"><span class='ocrx_word' id='word_1_331' title='bbox 117 1787 226 1810; x_wconf 86' lang='lat' dir='ltr'><strong>Domini</strong></span> <span class='ocrx_word' id='word_1_332' title='bbox 249 1795 330 1818; x_wconf 86' lang='lat' dir='ltr'><strong>super</strong></span> <span class='ocrx_word' id='word_1_333' title='bbox 356 1787 485 1819; x_wconf 87' lang='lat' dir='ltr'><strong>populum</strong></span> <span class='ocrx_word' id='word_1_334' title='bbox 511 1788 564 1811; x_wconf 83' lang='lat' dir='ltr'><strong>sibi</strong></span> <span class='ocrx_word' id='word_1_335' title='bbox 584 1788 734 1811; x_wconf 82' lang='lat' dir='ltr'><strong>iniunctum</strong></span> <span class='ocrx_word' id='word_1_336' title='bbox 754 1787 870 1811; x_wconf 79' lang='lat' dir='ltr'><strong>sollicite</strong></span> <span class='ocrx_word' id='word_1_337' title='bbox 891 1790 972 1818; x_wconf 85' lang='lat' dir='ltr'><strong>atque</strong></span> <span class='ocrx_word' id='word_1_338' title='bbox 993 1787 1147 1810; x_wconf 78' lang='lat' dir='ltr'><strong>cautissime</strong></span> <span class='ocrx_word' id='word_1_339' title='bbox 1169 1785 1308 1817; x_wconf 73' lang='lat' dir='ltr'><strong>evigilare,</strong></span> <span class='ocrx_word' id='word_1_340' title='bbox 1333 1790 1361 1809; x_wconf 87' lang='grc'><strong>111</strong></span> <span class='ocrx_word' id='word_1_341' title='bbox 1382 1785 1521 1809; x_wconf 83' lang='lat' dir='ltr'><strong>suadendo</strong></span> <span class='ocrx_word' id='word_1_342' title='bbox 1543 1784 1584 1809; x_wconf 80' lang='lat' dir='ltr'><strong>vel</strong></span> <span class='ocrx_word' id='word_1_343' title='bbox 1604 1784 1769 1808; x_wconf 83' lang='lat' dir='ltr'><strong>blandiendo</strong></span> 
     </span>
    </p>

    <p class='ocr_par' dir='ltr' id='par_1_12' title="bbox 73 1829 1770 1952">
     <span class='ocr_line' id='line_1_31' title="bbox 73 1829 1769 1863; baseline -0.001 -10"><span class='ocrx_word' id='word_1_344' title='bbox 73 1835 98 1853; x_wconf 82' lang='lat'><strong>30</strong></span> <span class='ocrx_word' id='word_1_345' title='bbox 120 1830 222 1863; x_wconf 84' lang='lat' dir='ltr'><strong>(pland.</strong></span> <span class='ocrx_word' id='word_1_346' title='bbox 238 1829 376 1863; x_wconf 63' lang='grc' dir='ltr'><strong>Δ1011111110</strong></span> <span class='ocrx_word' id='word_1_347' title='bbox 397 1832 562 1863; x_wconf 79' lang='lat' dir='ltr'><strong>increpando</strong></span> <span class='ocrx_word' id='word_1_348' title='bbox 577 1832 610 1856; x_wconf 87' lang='lat' dir='ltr'><strong>ab</strong></span> <span class='ocrx_word' id='word_1_349' title='bbox 626 1840 716 1856; x_wconf 83' lang='lat' dir='ltr'><strong>errore</strong></span> <span class='ocrx_word' id='word_1_350' title='bbox 732 1835 861 1855; x_wconf 82' lang='lat' dir='ltr'><strong>revocent</strong></span> <span class='ocrx_word' id='word_1_351' title='bbox 881 1829 1002 1862; x_wconf 81' lang='lat' dir='ltr'><strong>(revocet</strong></span> <span class='ocrx_word' id='word_1_352' title='bbox 1021 1831 1074 1861; x_wconf 77' lang='lat' dir='ltr'><strong>M),</strong></span> <span class='ocrx_word' id='word_1_353' title='bbox 1096 1834 1123 1854; x_wconf 91' lang='lat' dir='ltr'><strong>ut</strong></span> <span class='ocrx_word' id='word_1_354' title='bbox 1142 1831 1176 1854; x_wconf 85' lang='lat' dir='ltr'><strong>ad</strong></span> <span class='ocrx_word' id='word_1_355' title='bbox 1197 1830 1289 1854; x_wconf 81' lang='lat' dir='ltr'><strong>caulas</strong></span> <span class='ocrx_word' id='word_1_356' title='bbox 1303 1831 1411 1854; x_wconf 85' lang='lat' dir='ltr'><strong>Domini</strong></span> <span class='ocrx_word' id='word_1_357' title='bbox 1433 1838 1524 1853; x_wconf 65' lang='grc'><strong>50011111</strong></span> <span class='ocrx_word' id='word_1_358' title='bbox 1548 1831 1649 1861; x_wconf 71' lang='lat' dir='ltr'><strong>pariter</strong></span> <span class='ocrx_word' id='word_1_359' title='bbox 1669 1829 1769 1853; x_wconf 78' lang='lat' dir='ltr'><strong>inlesos</strong></span> 
     </span>
     <span class='ocr_line' id='line_1_32' title="bbox 118 1873 1770 1908; baseline -0.001 -9"><span class='ocrx_word' id='word_1_360' title='bbox 118 1876 235 1899; x_wconf 84' lang='lat' dir='ltr'><strong>Domino</strong></span> <span class='ocrx_word' id='word_1_361' title='bbox 256 1876 366 1900; x_wconf 81' lang='lat' dir='ltr'><strong>iurante</strong></span> <span class='ocrx_word' id='word_1_362' title='bbox 386 1876 533 1908; x_wconf 82' lang='lat' dir='ltr'><strong>perducere</strong></span> <span class='ocrx_word' id='word_1_363' title='bbox 554 1880 721 1906; x_wconf 84' lang='lat' dir='ltr'><strong>mcreantur;</strong></span> <span class='ocrx_word' id='word_1_364' title='bbox 741 1876 783 1900; x_wconf 76' lang='lat' dir='ltr'><strong>sed</strong></span> <span class='ocrx_word' id='word_1_365' title='bbox 801 1880 885 1900; x_wconf 78' lang='lat' dir='ltr'><strong>utrum</strong></span> <span class='ocrx_word' id='word_1_366' title='bbox 905 1876 963 1900; x_wconf 76' lang='lat' dir='ltr'><strong>llaec</strong></span> <span class='ocrx_word' id='word_1_367' title='bbox 977 1875 1077 1900; x_wconf 34' lang='lat' dir='ltr'><strong>Aru-noni</strong></span> <span class='ocrx_word' id='word_1_368' title='bbox 1095 1875 1257 1899; x_wconf 44' lang='lat' dir='ltr'><strong>mla-cribemla</strong></span> <span class='ocrx_word' id='word_1_369' title='bbox 1277 1875 1326 1899; x_wconf 59' lang='lat' dir='ltr'><strong>sine</strong></span> <span class='ocrx_word' id='word_1_370' title='bbox 1345 1884 1426 1903; x_wconf 68' lang='lat' dir='ltr'><strong>necno,</strong></span> <span class='ocrx_word' id='word_1_371' title='bbox 1443 1879 1546 1906; x_wconf 67' lang='lat' dir='ltr'><strong>propter</strong></span> <span class='ocrx_word' id='word_1_372' title='bbox 1567 1874 1630 1898; x_wconf 69' lang='lat' dir='ltr'><strong>illud</strong></span> <span class='ocrx_word' id='word_1_373' title='bbox 1651 1873 1770 1905; x_wconf 76' lang='lat' dir='ltr'><strong>Explicit</strong></span> 
     </span>
     <span class='ocr_line' id='line_1_33' title="bbox 119 1920 642 1952; baseline 0.004 -9"><span class='ocrx_word' id='word_1_374' title='bbox 119 1920 166 1944; x_wconf 72' lang='lat' dir='ltr'><strong>lam</strong></span> <span class='ocrx_word' id='word_1_375' title='bbox 187 1929 264 1952; x_wconf 72' lang='lat' dir='ltr'><strong>supra</strong></span> <span class='ocrx_word' id='word_1_376' title='bbox 282 1920 397 1945; x_wconf 73' lang='lat' dir='ltr'><strong>additum</strong></span> <span class='ocrx_word' id='word_1_377' title='bbox 416 1921 519 1945; x_wconf 72' lang='lat' dir='ltr'><strong>dubium</strong></span> <span class='ocrx_word' id='word_1_378' title='bbox 537 1921 642 1946; x_wconf 72' lang='lat' dir='ltr'><strong>videtur.</strong></span> 
     </span>
    </p>
   </div>
   <div class='ocr_carea' id='block_1_8' title="bbox 231 2061 1180 2104">
    <p class='ocr_par' dir='ltr' id='par_1_13' title="bbox 231 2061 1180 2104">
     <span class='ocr_line' id='line_1_34' title="bbox 231 2061 1180 2104; baseline -0.001 -11"><span class='ocrx_word' id='word_1_379' title='bbox 231 2063 258 2100; x_wconf 87' lang='lat' dir='ltr'><strong>l)</strong></span> <span class='ocrx_word' id='word_1_380' title='bbox 286 2065 333 2101; x_wconf 69' lang='lat' dir='ltr'><strong>(ff.</strong></span> <span class='ocrx_word' id='word_1_381' title='bbox 359 2066 470 2094; x_wconf 73' lang='lat' dir='ltr'><strong>admon.</strong></span> <span class='ocrx_word' id='word_1_382' title='bbox 493 2076 590 2104; x_wconf 72' lang='lat' dir='ltr'><strong>yener.</strong></span> <span class='ocrx_word' id='word_1_383' title='bbox 615 2067 673 2095; x_wconf 75' lang='lat'><strong>789</strong></span> <span class='ocrx_word' id='word_1_384' title='bbox 699 2076 736 2094; x_wconf 81' lang='lat' dir='ltr'><strong>cc.</strong></span> <span class='ocrx_word' id='word_1_385' title='bbox 756 2067 780 2095; x_wconf 88' lang='lat'><strong>1.</strong></span> <span class='ocrx_word' id='word_1_386' title='bbox 799 2067 826 2095; x_wconf 82' lang='lat'><strong>7.</strong></span> <span class='ocrx_word' id='word_1_387' title='bbox 846 2068 884 2094; x_wconf 64' lang='lat'><strong>312·</strong></span> <span class='ocrx_word' id='word_1_388' title='bbox 908 2061 938 2102; x_wconf 83' lang='lat' dir='ltr'><strong>(l.</strong></span> <span class='ocrx_word' id='word_1_389' title='bbox 965 2066 980 2093; x_wconf 90' lang='lat' dir='ltr'><strong>l.</strong></span> <span class='ocrx_word' id='word_1_390' title='bbox 1004 2076 1035 2102; x_wconf 74' lang='lat' dir='ltr'><strong>p.</strong></span> <span class='ocrx_word' id='word_1_391' title='bbox 1053 2066 1102 2094; x_wconf 67' lang='lat'><strong>54.</strong></span> <span class='ocrx_word' id='word_1_392' title='bbox 1119 2062 1180 2101; x_wconf 58' lang='lat'><strong>562).</strong></span> 
     </span>
    </p>
   </div>
   <div class='ocr_carea' id='block_1_9' title="bbox 178 2857 1556 2888">
    <p class='ocr_par' dir='ltr' id='par_1_14' title="bbox 178 2857 1556 2888">
     <span class='ocr_line' id='line_1_35' title="bbox 178 2857 1556 2888; baseline 0.006 -11"><span class='ocrx_word' id='word_1_393' title='bbox 178 2857 220 2878; x_wconf 66' lang='lat'><strong>1111.</strong></span> <span class='ocrx_word' id='word_1_394' title='bbox 236 2858 334 2877; x_wconf 68' lang='lat' dir='ltr'><strong>Cum-iliu</strong></span> <span class='ocrx_word' id='word_1_395' title='bbox 350 2858 377 2880; x_wconf 84' lang='grc' dir='ltr'><strong>Η,</strong></span> <span class='ocrx_word' id='word_1_396' title='bbox 1525 2864 1556 2888; x_wconf 69' lang='grc'><strong>26</strong></span> 
     </span>
    </p>
   </div>
  </div>
 </body>
</html>
