2242 3085
345 500 371 518 ef.
382 500 431 517 Luc,

345 526 363 547 7,
372 526 384 543 G
392 532 439 548 sqq,

315 766 343 786 ct.
351 766 442 785 Denter.

346 793 378 815 25,
387 792 407 811 ὁ.

461 139 501 168 40
953 139 980 165 5.
1019 138 1235 166 CONCILIUM
1262 139 1458 166 ROMANUM
1484 139 1519 166 A.
1542 139 1614 165 745.

461 235 598 270 demum,
636 232 721 274 quod
758 232 934 263 maximum
966 232 1070 263 scelus
1103 238 1133 263 et
1164 231 1366 273 blasphemia
1402 237 1512 262 eontra
1543 232 1650 263 Deum
1687 243 1757 262 esse
1792 231 1974 271 videbatur,
2010 232 2101 262 feeit:

460 287 600 317 venienti
634 286 718 316 enim
750 285 868 327 populo
899 290 931 315 et
962 290 1121 326 prostrato
1154 290 1226 315 ante
1258 285 1358 326 pedes
1392 285 1459 315 eius
1492 290 1522 315 et
1551 285 1694 326 cupienti
1719 284 1863 315 confiteri
1887 289 2021 326 peccata
2046 296 2103 315 sua

461 340 558 370 dixit:
593 339 677 370 ‘Scio
710 339 817 369 omnia
848 343 983 379 peccata
1015 343 1132 371 vestra,
1166 339 1241 379 quia
1272 338 1349 368 mihi
1381 339 1508 379 cognita
1541 343 1613 369 sunt
1645 337 1771 369 occulta
1795 342 1912 368 vestra.
1960 337 2032 368 Non
2058 342 2104 368 est

461 404 539 433 opus
565 392 725 430 eonfiteri3
759 391 815 422 sed
848 391 979 421 dimissa
1011 396 1083 421 sunt
1116 390 1208 421 vobis
1240 396 1375 432 peecata
1405 396 1512 421 vestra
1544 392 1726 432 praeterita.
1775 390 1888 421 Securi
1913 395 1945 421 et
1968 389 2104 421 absoluti

460 445 658 476 revertimini
684 444 725 475 ad
750 444 861 475 domos
886 449 1010 474 vestras
1036 455 1107 474 cum
1133 444 1235 485 paee'.
1272 444 1313 474 Et
1339 445 1456 482 omnia,
1482 455 1704 485 quaecumque
1730 448 1876 474 sanetum
1901 443 2103 484 evangelium

459 499 646 540 ypochritas
670 498 786 528 fecisse
811 502 956 535 testatur,
983 508 1038 526 suo
1063 496 1173 527 habitu
1200 502 1231 527 et
1255 498 1383 527 incessu
1408 503 1439 527 et
1463 496 1605 527 moribus
1629 497 1771 528 imitatus
1797 501 1853 527 est.

566 551 658 581 Alter
682 556 787 581 autem
814 550 983 584 hereticus,
1017 550 1071 590 qui
1097 549 1217 580 dicitur
1242 549 1401 588 Clemens,
1435 555 1546 580 contra
1577 549 1768 580 catholicam
1794 549 1958 580 contendit
1983 549 2104 580 aeecle—

461 606 551 643 siam,
578 615 718 635 canones
744 603 953 633 ecclesiarum
972 602 1091 633 Christi
1110 602 1250 643 abnegat
1275 609 1305 633 et
1330 603 1456 641 refutat,
1482 608 1637 633 tractatus
1663 608 1693 633 et
1717 603 1898 634 intellectus
1923 608 2104 633 sanctorum

463 664 589 699 patrum
621 657 813 695 Hieronimi,
846 655 1029 696 Augustini,
1063 655 1214 697 Gregorii
1248 662 1401 686 recussat.
1457 655 1634 697 Synodalia
1669 657 1738 686 iura
1775 667 1939 698 spernens,
1975 656 2105 697 proprio

464 722 558 741 sensu
592 710 739 740 adfirmat
770 720 803 739 se
828 729 870 731 —
895 714 967 750 post
999 708 1079 739 duos
1110 709 1191 739 filios
1217 708 1277 739 sibi
1302 710 1334 739 in
1360 709 1516 739 adulterio
1541 714 1632 740 natos
1659 709 1717 739 sub
1742 710 1869 740 nomine
1896 710 2039 751 episcopi
2063 728 2105 731 Q

463 775 533 794 esse
571 774 663 805 posse
696 762 775 803 legis
808 761 1012 793 Christianae
1045 763 1242 803 episcopum.
1295 762 1494 792 Iudaismum
1530 762 1687 792 inducens
1727 763 1844 792 iustum
1880 773 1949 793 esse
1986 762 2107 792 iudicat

464 817 658 855 Christiano,
684 821 726 851 ut,
754 817 779 845 si
804 815 952 848 voluerit.
978 815 1109 845 viduam
1134 815 1241 845 fratris
1267 815 1411 845 defuncti
1436 815 1576 856 accipiat
1600 826 1743 845 uxorem.
1788 814 1851 853 Qui
1877 820 1987 846 contra
2010 815 2107 845 fidem

463 875 644 900 sanctorum
671 874 797 910 patrum
824 867 990 898 contendit
1014 868 1136 906 dicens,
1169 868 1255 910 quod
1280 867 1426 898 Christus
1457 868 1541 898 filius
1565 868 1639 903 Dei,
1673 868 1873 899 descendens
1905 868 1947 899 ad
1977 868 2106 907 inferos,

463 934 584 958 omnes,
610 934 689 963 quos
714 921 831 952 inferni
856 932 967 951 carcer
992 921 1137 959 detinuit,
1163 921 1237 952 inde
1263 921 1442 959 liberasset,
1472 921 1619 952 credulos
1644 927 1675 952 et
1699 921 1892 960 incredulos,
1924 921 2107 952 laudatores

464 976 527 1006 Dei
552 975 645 1006 simul
672 980 702 1005 ct
727 975 865 1006 cultores
890 974 1060 1006 idulorum.
1104 974 1146 1005 Et
1170 974 1269 1005 multa
1302 974 1363 1005 alia
1396 974 1561 1005 horribilia
1586 974 1625 1005 de
1650 974 1917 1016 predistinatione
1934 974 2009 1013 Dei,
2036 986 2107 1005 con-

463 1030 562 1060 traria
585 1028 660 1059 fidei
687 1028 874 1065 catholicae,
906 1027 1064 1058 adfirmat.
1114 1027 1320 1069 Quapropter
1351 1028 1389 1058 de
1422 1028 1481 1058 hoc
1514 1039 1640 1069 quoque
1672 1028 1812 1058 heretico
1838 1039 1962 1069 precor,
1993 1034 2028 1058 ut
2052 1038 2109 1068 per

462 1083 584 1113 litteras
609 1087 734 1112 vestras
759 1081 913 1111 mandare
939 1082 1057 1111 curetis
1083 1081 1157 1111 duci
1178 1080 1403 1119 Carlomanno,
1429 1086 1463 1111 ut
1488 1082 1631 1112 mittatur
1655 1082 1687 1111 in
1713 1081 1902 1119 custodiam,
1928 1086 1962 1111 ut
1987 1081 2109 1111 semina

463 1141 594 1166 satanae
619 1135 714 1165 latius
739 1146 802 1165 non
829 1135 974 1171 seminet,
1000 1145 1039 1164 ne
1065 1134 1200 1164 forsitan
1224 1145 1289 1164 una
1313 1135 1382 1164 ovis
1407 1134 1553 1165 morbida
1578 1139 1679 1165 totum
1703 1145 1836 1175 gregem
1860 1134 1991 1176 polluat.

570 1188 687 1218 Valere
720 1188 922 1218 sanctitatem
957 1192 1099 1217 vestram
1131 1192 1162 1217 ct
1197 1188 1360 1228 prosperis
1396 1187 1595 1228 profectibus
1631 1187 1772 1229 gaudere
1809 1189 1841 1217 in
1876 1186 2109 1228 longitudinem

464 1242 586 1272 dierum
612 1241 780 1282 optamus'.

571 1295 717 1335 Cumque
742 1293 863 1324 relecta
888 1299 981 1331 esset,
1007 1293 1183 1323 Zacharias
1201 1294 1422 1323 sanctissimus
1439 1304 1477 1324 ac
1496 1293 1699 1324 beatissimus
1716 1304 1802 1335 papa
1819 1293 1916 1324 dixit:
1944 1293 2109 1331 ‘Audisti-3,

463 1348 627 1379 karissimi
652 1347 777 1385 fratres,
804 1346 881 1388 quid
906 1347 937 1376 in
964 1347 1025 1376 ista
1050 1346 1184 1387 epistola
1209 1346 1362 1377 relectum
1388 1347 1428 1377 sit
1453 1358 1493 1377 ex
1519 1346 1685 1388 sacrilegis
1710 1347 1781 1386 illis,
1814 1347 1868 1388 qui
1897 1358 1930 1377 se
1956 1346 1997 1377 ad
2021 1357 2111 1376 suam

465 1401 789 1442 condempnationem
822 1400 983 1441 apostolos
1015 1399 1141 1441 populis
1173 1399 1464 1441 praedicaverunt.
1514 1400 1715 1431 Sanetissimi
1748 1400 1891 1441 episcopi
1924 1404 1955 1430 et
1978 1410 2111 1430 venera-

464 1454 546 1485 biles
571 1453 742 1495 presbiteri
767 1453 1018 1494 responderunt:
1046 1450 1249 1483 ‘Audivimus
1274 1458 1361 1483 certe
1386 1464 1444 1494 per
1468 1454 1575 1483 omnia
1599 1464 1663 1483 non
1681 1453 1851 1495 apostolos,
1878 1453 1933 1483 sed
1950 1453 2111 1483 ministros

466 1513 597 1538 satanae
624 1512 654 1537 et
679 1518 886 1548 precursores
911 1506 1082 1536 antikristi.
1125 1506 1206 1544 Quis
1232 1507 1315 1536 enim
1342 1506 1515 1548 aliquando
1541 1506 1757 1548 apostolorum
1783 1512 1838 1536 aut
1862 1505 1997 1547 quilibet
2021 1516 2111 1536 sane-

466 1567 569 1591 torum
596 1571 636 1591 ex
662 1560 786 1601 capillis
811 1560 876 1590 suis
902 1565 956 1590 aut
980 1559 1107 1601 ungulis
1133 1571 1189 1600 pro
1215 1559 1393 1590 sanctualia.
1416 1559 1543 1601 populis
1568 1559 1758 1599 tribuerunt,
1790 1565 1824 1590 ut
1852 1560 1911 1590 iste
1937 1558 2112 1600 sacrilegus

469 1620 498 1644 ct
523 1614 723 1655 perniciosus
749 1624 845 1654 agere
871 1618 1004 1643 conatus
1030 1619 1077 1643 est
1102 1612 1327 1642 Aldeberctus.
1372 1612 1437 1643 Sed
1461 1612 1521 1643 hoc
1547 1613 1650 1643 scelus
1676 1624 1693 1643 a
1718 1619 1824 1643 vestro
1851 1618 1961 1643 sancto
1987 1617 2112 1653 aposto-

468 1667 533 1697 latu
552 1672 599 1697 est
620 1666 844 1703 resecandum,
870 1672 934 1696 tam
960 1666 999 1696 de
1024 1665 1076 1696 illo
1102 1677 1263 1707 quamque
1289 1666 1384 1696 etiam
1409 1665 1448 1696 de
1472 1672 1709 1707 transgressore
1728 1665 1903 1705 Clemente,
1929 1666 1983 1707 qui
2005 1676 2112 1695 saeros

469 1731 608 1751 canones
634 1720 757 1761 spernit
781 1725 877 1761 atque
896 1720 1130 1760 expositionem
1150 1725 1333 1749 sanctorum
1351 1724 1477 1760 patrum
1495 1718 1669 1756 Ambrosii,
1694 1719 1867 1760 Augustini
1886 1724 1917 1749 et
1934 1723 2113 1749 ceterorum

469 1775 591 1815 respuit
616 1773 703 1803 dicta
728 1777 920 1803 sanctorum.
971 1772 1035 1803 Sed
1060 1773 1111 1802 isti
1138 1773 1227 1802 iuxta
1252 1772 1345 1802 factis
1372 1779 1401 1803 et
1426 1771 1736 1813 transgressionibus
1769 1773 1833 1802 suis
1859 1771 1990 1813 dignam
2015 1771 2113 1801 susci-

468 1828 557 1868 piant
582 1826 794 1858 sententiam'.
835 1826 1010 1856 Zacharias
1036 1826 1256 1856 sanctissimus
1282 1837 1319 1856 ac
1344 1825 1548 1856 beatissimus
1573 1837 1658 1867 papa
1683 1825 1781 1855 dixit:
1809 1825 1906 1863 ‘Quia
1930 1824 2025 1855 hodie
2050 1825 2114 1854 iam

469 1880 591 1910 tardior
616 1879 695 1909 hora
719 1885 777 1917 est,
809 1885 943 1909 venturo
970 1880 1143 1909 secretario
1170 1879 1265 1909 etiam
1292 1879 1507 1920 conscriptam
1533 1879 1631 1909 vitam
1657 1884 1687 1908 et
1713 1879 1899 1917 orationem,
1933 1888 2028 1919 quam
2053 1876 2115 1907 sibi

470 1933 629 1974 exposuit,
666 1932 717 1963 vel
750 1937 868 1970 cetera,
902 1943 983 1973 quae
1015 1931 1175 1970 utebatur,
1211 1931 1285 1962 dum
1317 1931 1408 1962 nobis
1441 1931 1560 1962 relecta
1591 1931 1718 1966 fuerint,
1752 1932 1913 1961 communi
1945 1941 2114 1969 consensu,

471 1986 631 2016 mediante
657 1986 739 2023 Deo,
766 1985 843 2027 quid
868 1986 937 2015 tieri
963 1984 1079 2015 debeat
1104 1985 1366 2026 p11·rt1·actandum
1393 1985 1460 2015 est'.

579 2102 686 2135 (Arrio
717 2101 879 2135 summula).
928 2100 965 2130 ln
997 2101 1124 2130 nomine
1151 2100 1270 2130 domini
1302 2100 1366 2130 Dei
1398 2105 1428 2130 ct
1460 2099 1627 2130 salvatoris
1654 2100 1754 2130 nostri
1779 2099 1853 2130 Iesu
1877 2099 2006 2129 Christi.
2054 2099 2114 2129 Im-

471 2160 602 2195 perantc
629 2154 745 2184 domno
766 2154 911 2195 piissimo
930 2153 1076 2194 Augusto
1095 2152 1304 2183 Constantino
1330 2164 1446 2193 magno
1471 2154 1663 2194 imperatore
1689 2164 1773 2183 anno
1790 2152 1927 2191 XXVI„
1953 2157 2025 2193 post
2041 2163 2114 2182 con-

473 2208 607 2237 solatum
634 2208 701 2237 eius
727 2218 810 2237 anno
828 2207 879 2243 V.,
912 2218 1020 2237 mense
1048 2206 1191 2244 Octobri,
1221 2206 1271 2236 die
1298 2206 1415 2243 XXV„
1441 2205 1614 2236 indictione
1641 2206 1761 2243 XIIII.,
1788 2205 2000 2247 praesedente
2025 2216 2114 2235 sane-

473 2261 594 2290 tissimo
627 2272 663 2290 ac
696 2260 882 2290 beatissimo
915 2260 1031 2290 domno
1057 2259 1215 2289 Zacharia
1247 2271 1331 2300 papa
1363 2260 1395 2289 in
1426 2259 1621 2300 patriarchio
1645 2259 1875 2298 Laterancnse,
1906 2259 1939 2289 in
1970 2258 2114 2298 basilica,

473 2325 555 2354 quac
574 2313 754 2355 appellatur
772 2313 944 2352 Theodori,
971 2311 1220 2343 consedentibus
1238 2313 1334 2343 etiam
1360 2324 1431 2343 cum
1457 2323 1493 2342 eo
1520 2313 1728 2343 sanctissimis
1755 2312 1914 2354 episeopis
1931 2311 2115 2353 Epiphanio

475 2366 561 2396 Silva
593 2366 751 2405 Candida,
784 2366 960 2396 Benedicto
992 2365 1161 2405 Nomento,
1194 2365 1355 2396 Venantio
1387 2366 1551 2403 Penestre,
1589 2364 1747 2406 Gregorio
1779 2366 1966 2402 Portuense,
2001 2364 2116 2395 Niceta

476 2419 603 2457 Gabiis,
637 2419 807 2449 Theodoro
841 2420 995 2457 Ostense,
1029 2418 1179 2449 (L÷1·atioso
1211 2418 1367 2449 Villitrias
1404 2430 1460 2448 seu
1490 2418 1731 2449 venerabilibus
1767 2418 1963 2460 presbiteris,
2000 2417 2032 2448 id
2069 2421 2116 2448 est

475 2472 616 2502 Iohanne
649 2472 928 2513 archipresbitero,
967 2470 1139 2512 Gregorio,
1178 2472 1355 2513 Stephano,
1392 2473 1467 2502 item
1505 2471 1679 2513 Stephano,
1715 2472 1897 2511 Dominieo,
1935 2471 2115 2510 Theodoro,

474 2525 656 2562 Anastasio,
683 2524 834 2566 Geni-gio,
855 2524 979 2565 Sergio,
997 2524 1168 2563 Iordannc,
1186 2525 1306 2564 Leone,
1325 2526 1400 2555 item
1417 2525 1536 2563 Leone,
1556 2524 1724 2566 Gregorio,
1744 2524 1918 2566 Stephano,
1936 2523 2114 2563 Eustathio,

475 2578 632 2619 Procopio
659 2584 753 2619 atquc
780 2578 1000 2619 Theophanis).

2126 720 2151 738 10

2129 985 2153 1004 15

2130 1251 2155 1270 20

2132 1517 2157 1535 25

2134 1783 2159 1801 30

2136 2111 2160 2130 35

2135 2377 2161 2395 40

583 2733 596 2753 4
618 2731 711 2754 dimisa
734 2731 767 2753 ΔῚΙ.
825 2732 901 2753 voluis
921 2731 986 2754 «lec-sl
1006 2731 1041 2754 ill.
1098 2732 1111 2753 9
1133 2734 1241 2754 recusat
1263 2731 1289 2754 C.
1354 2731 1383 2753 15
1404 2730 1535 2753 idolorum
1558 2732 1583 2754 (¹.
1641 2732 1672 2754 23
1692 2730 1881 2762 praedicarunt
1902 2730 1927 2754 C.
1984 2731 2015 2754 27
2036 2729 2113 2754 Alde-
2134 2736 2159 2754 45

477 2776 563 2798 bertus
585 2775 619 2798 M.
720 2777 751 2798 22⁵
773 2776 956 2805 cxpositionos
979 2775 1004 2798 Η.
1091 2777 1123 2797 34)
1144 2776 1215 2798 facta
1237 2778 1262 2798 et
1282 2775 1510 2806 transgressiones
1530 2783 1593 2798 suas
1613 2783 1624 2798 e
1643 2783 1704 2799 corr.
1727 2775 1752 2799 C.
1839 2775 1871 2798 36
1892 2772 2078 2804 Constantino]
2099 2784 2114 2798 a

479 2820 534 2842 Deo
556 2823 685 2842 coronato
706 2819 820 2841 accidisse>
839 2819 962 2847 ridentur,
981 2819 1051 2849 Jnffe'.
1127 2819 1294 2843 consulatum
1318 2820 1342 2842 (l.
