2242 3085
295 404 452 427 Matth.15‚13.

298 685 368 705 Exod.
379 687 411 709 22,
422 687 452 706 23.

328 855 381 875 Luc.
389 855 410 878 1,
419 855 452 873 52.

331 1076 382 1097 ibid.
391 1077 411 1100 6,
421 1077 452 1096 37.

297 1293 452 1318 1.Cor.6‚9.1o.

472 137 512 165 56
777 138 825 164 10.
863 137 1080 165 CONCILIUM
1104 137 1376 164 ASCHEIMENSE
1401 138 1436 164 A.
1461 137 1534 164 756.
1559 138 1605 164 vel
1632 136 1817 164 755—760.

579 231 658 272 Cap.
684 230 776 261 VIII.
813 230 864 261 Dc
890 230 1064 261 abbatibus
1089 235 1120 261 et
1144 230 1325 261 abbatissas
1351 231 1502 261 convenit
1526 229 1731 269 admonendi,
1757 235 1791 260 ut
1815 229 1992 261 secundum
2017 231 2117 272 possi-

475 284 630 315 bilitatem
657 290 687 314 et
712 283 774 314 loci
799 283 1121 323 administrationem,
1154 289 1189 314 ut
1212 283 1403 324 regulariter
1427 283 1538 314 vivere
1565 274 1705 313 deb‘eant
1729 294 1802 313 cum
1825 282 2030 324 providentia
2055 283 2119 324 epi-

473 348 654 378 scoporum,
680 348 815 378 quorum
841 348 918 368 cura
942 337 1023 367 haec
1049 336 1164 367 adesse
1189 336 1431 367 dinoscunturl.
1479 336 1575 367 Unde
1601 342 1631 366 et
1655 337 1791 366 veritas:
1825 337 1933 367 Omnis
1951 337 2121 377 plantatio,

473 404 565 432 qnam
592 403 650 421 mm
670 391 831 432 plantavit
854 395 885 420 et
910 389 1044 431 reliqua.

580 452 659 494 Cap.
678 452 786 482 VIIII.
823 452 898 482 De'2
923 452 1049 482 clericis
1075 457 1105 482 et
1130 462 1307 489 nonnanes,
1332 456 1367 481 ut
1391 456 1445 480 aut
1469 451 1501 480 111
1526 451 1719 481 mona-sterio
1744 451 1790 481 ire
1815 449 1956 481 debeant
1976 457 2030 482 aut
2048 462 2120 481 cum
2141 463 2153 481 5

473 517 632 536 consensu
669 506 904 547 episcoporum,
942 506 993 535 eui
1030 505 1110 535 haec
1148 504 1271 534 credita
1307 508 1389 542 sunt,
1427 503 1618 545 regulariter
1649 504 1769 543 vivant,
1807 509 1837 534 et
1874 504 1899 534 si
1931 504 1991 534 hoc
2023 515 2120 545 agere

472 559 642 598 noluerint,
669 559 933 589 exterminentur.

581 621 660 662 Cap.
686 621 728 651 X.
765 621 839 650 De³
870 620 976 650 viduis
1009 625 1040 650 et
1071 619 1191 649 orfanis
1223 619 1389 649 admoneri
1421 619 1548 660 oportit,
1580 624 1614 649 ut
1646 619 1713 649 sine
1742 618 1919 650 calumnias
1943 620 2121 660 potentium

474 675 662 705 efficientur.
711 673 806 704 Unde
832 673 959 714 profeta
983 677 1134 703 testatur:
1168 672 1433 714 Vocifhrabwztiir
1456 672 1501 703 ad
1523 684 1569 702 me
1589 677 1625 702 et
1649 671 1783 713 reliqua.

582 736 661 777 Cap.
680 736 739 767 XI.
777 735 828 765 De
846 735 1055 776 oppressione
1072 745 1287 776 pauperorum
1306 733 1501 764 admonendi
1519 734 1679 773 convenit,
1705 738 1740 764 ut
1755 744 1814 775 per
1831 734 1938 764 omnia
1954 734 2123 776 presides⁴
2143 745 2168 764 10

474 801 531 820 seu
557 789 692 825 iudices,
719 789 920 819 centoriones
946 794 1042 829 atque
1067 787 1206 817 vicarios
1231 786 1405 818 admonere
1430 798 1487 817 seu
1511 787 1700 828 praecipere
1725 786 1881 827 debeatis,
1906 793 1940 818 ut
1965 787 2033 817 sine
2058 787 2122 818 ulla

474 843 592 873 iniusta
617 842 779 872 calumnia
804 846 1024 883 permaneant.
1073 840 1168 871 Unde
1194 839 1399 881 evangelium
1424 844 1574 870 testatur:
1607 840 1762 882 Deposuit
1778 847 1917 882 potentes·
1942 841 1978 871 (Ze
2002 841 2072 871 sede
2097 848 2124 871 at

474 897 489 926 h
497 909 543 925 itm
550 897 605 926 iles
630 908 685 926 era
691 895 731 925 lm
738 908 752 925 υ
758 897 786 925 if.

583 957 662 999 Cap.
689 956 765 987 XII.
803 956 855 987 De
880 956 1003 998 reliquo
1029 956 1212 997 promiscuo
1237 955 1344 997 vulgo,
1375 961 1409 986 ut
1440 956 1473 986 in
1501 955 1572 997 lege
1597 955 1843 986 Baiovariorum
1869 956 2043 986 consistere
2070 955 2122 986 de-

474 1010 582 1049 beant,
614 1016 648 1041 ut
673 1010 711 1040 de
737 1021 847 1040 eorum
872 1009 1062 1048 hereditate,
1095 1010 1241 1050 exceptis
1273 1008 1420 1050 capitalis
1453 1008 1650 1048 criminibus,
1682 1020 1746 1039 non
1771 1008 1980 1040 aheneum-⁵.
2027 1008 2122 1040 Unde
2146 1019 2169 1037 15

474 1065 611 1094 veritas:
637 1064 743 1095 Nolite
762 1063 915 1101 [fidit-are,
942 1071 971 1092 nt
989 1076 1046 1093 ηυη
1067 1063 1293 1093 indicabimini
1307 1067 1337 1093 et
1354 1062 1495 1104 reliqua3
1520 1062 1658 1104 primum
1677 1061 1807 1103 quidem
1824 1061 1990 1101 iudicium,
2011 1068 2124 1103 postea

475 1117 705 1147 misericordia.

583 1178 662 1220 Cap.
688 1178 782 1209 XIII.
820 1178 871 1209 Dc
904 1178 1035 1209 incestis
1068 1178 1225 1219 coniugiis
1250 1179 1391 1208 maxime
1418 1178 1578 1216 convenit,
1608 1182 1642 1208 ut
1666 1188 1724 1219 per
1748 1178 1856 1207 omnia
1879 1183 1987 1208 vestro
2013 1188 2122 1208 conse-

475 1233 618 1274 quamini
644 1231 785 1267 decreto,
812 1243 874 1273 quo
900 1232 932 1261 in
957 1236 1106 1273 presente
1132 1230 1209 1261 villa
1233 1230 1365 1272 publica.
1388 1235 1593 1272 noncupante
1618 1230 1772 1272 Ascheim
1798 1230 1992 1261 constituere
2018 1241 2122 1261 recor-

475 1285 595 1316 damini
606 1288 627 1317 ⁴³.
675 1285 770 1315 Unde
796 1290 827 1315 et
851 1284 989 1315 Paulus:
1016 1284 1124 1326 *Veque
1149 1284 1289 1315 adulteri
1312 1297 1436 1326 raynutii
1464 1284 1757 1325 Deipossiclebzmt.
2143 1294 2169 1312 20

584 1347 663 1388 Cap.
689 1347 801 1377 XIIII.
845 1347 896 1377 De
929 1347 1035 1377 missis
1067 1347 1183 1376 vestris
1214 1357 1272 1388 per
1303 1346 1439 1376 circuitu
1471 1345 1652 1385 diocenum,
1684 1350 1718 1376 ut
1748 1345 1793 1376 ibi
1825 1345 1987 1387 quendam
2019 1357 2123 1376 sacer-

475 1401 582 1432 dotem
607 1412 679 1431 cum
704 1400 753 1430 his
780 1401 904 1430 mittere
931 1399 1111 1441 dignimini,
1143 1404 1178 1430 ut
1208 1411 1248 1429 ne
1273 1400 1428 1430 innocens
1460 1398 1573 1429 fraude
1605 1398 1760 1440 deceptus
1789 1398 1941 1429 calumnii
1966 1404 2125 1429 restuetur

475 1460 506 1485 et
530 1453 623 1485 vobis
648 1454 680 1484 in
706 1453 800 1495 culpa
825 1458 1021 1484 commutata
1046 1453 1185 1494 pecunia
1210 1458 1364 1491 recurrat,
1398 1464 1455 1494 pro
1488 1463 1566 1494 quos
1598 1452 1631 1482 in
1662 1457 1766 1482 aetate
1798 1452 1937 1493 positum
1969 1451 2028 1483 sub
2053 1452 2121 1482 iure

475 1519 570 1538 sensu
596 1506 796 1537 redditurum
822 1507 978 1536 rationem
1004 1512 1034 1536 te
1060 1505 1196 1536 reddere
1222 1506 1359 1536 fatemus
1384 1511 1448 1545 aut,
1481 1506 1507 1535 si
1532 1510 1619 1536 recte
1650 1510 1681 1535 te
1706 1505 1802 1546 geris,
1833 1505 1902 1535 sine
1931 1504 2122 1536 hesitatione

476 1565 753 1591 remuneraturum
778 1560 810 1589 in
836 1559 887 1589 die
913 1559 1024 1589 iudicii
1049 1570 1119 1589 esse
1145 1558 1306 1589 credimus
1332 1564 1427 1600 atque
1452 1564 1616 1589 testamur.
2143 1567 2169 1586 25

584 1622 663 1664 Cap.
689 1621 762 1652 XV.
801 1621 874 1652 De7
910 1621 1029 1652 iudicio
1066 1621 1196 1663 puplico
1234 1626 1264 1652 et
1300 1621 1438 1652 clamore
1470 1631 1687 1662 pauperorum
1717 1632 1776 1662 per
1806 1620 1949 1662 singulas
1980 1620 2123 1651 sabbatis

475 1676 573 1706 fiendi
605 1680 659 1706 aut
691 1686 749 1716 per
780 1674 848 1705 dies
873 1674 1107 1714 Kalendarum,
1141 1680 1175 1705 ut
1206 1675 1238 1704 in
1270 1673 1402 1705 auribus
1431 1673 1620 1704 clementiae
1645 1678 1773 1704 vestrae
1798 1678 1871 1704 acta
1894 1674 2121 1716 praenuntient

476 1729 614 1759 diversa.
670 1728 720 1759 De
754 1727 871 1770 quibus
903 1727 1017 1758 diebus
1049 1733 1079 1758 te
1112 1727 1336 1769 epulaturumS
1366 1727 1508 1767 fatearis,
1546 1727 1571 1757 si
1606 1726 1667 1757 hoc
1703 1738 1800 1768 agere
1832 1727 1968 1767 coneris,
2004 1732 2122 1758 testare

475 1782 642 1813 audemus.
690 1781 733 1812 Et
764 1782 796 1811 in
828 1781 876 1811 his
909 1780 1023 1811 diebus
1055 1792 1183 1822 semper
1214 1780 1367 1811 sacerdus
1393 1779 1506 1811 adesse
1538 1779 1665 1819 debeat,
1696 1785 1731 1810 ut
1761 1780 1801 1810 sit
1832 1780 1991 1810 sententia
2015 1786 2123 1811 vestra

474 1836 538 1866 Dei
564 1835 629 1865 sale
656 1834 797 1874 condita,
822 1839 856 1865 ut
880 1845 920 1864 ne
946 1834 1069 1865 iudices
1101 1834 1221 1864 terreni
1252 1839 1384 1875 propter
1413 1834 1574 1875 praemia-s
1606 1844 1722 1864 causas
1749 1838 1941 1875 torquantur
1972 1838 2003 1864 et
2033 1833 2122 1864 inno-
2143 1842 2169 1860 ³0

476 1894 585 1919 centes
610 1887 833 1929 obprimantur
858 1892 912 1917 aut
936 1892 1090 1917 nocentes
1115 1887 1336 1917 iustificentur.
1362 1906 1404 1909 —
1429 1886 1545 1917 Valete
1570 1887 1602 1916 in
1628 1885 1765 1917 Christo.

1232 1948 1364 1979 FINIT.

582 2042 658 2065 VIII.
689 2042 704 2065 3
725 2042 767 2065 oin
788 2040 890 2072 plantio
910 2042 984 2069 (cm-r.
1004 2041 1037 2064 al.
1058 2049 1124 2064 man.
1146 2038 1288 2071 plantatio)
1311 2041 1347 2064 ᾸΙ.
1422 2041 1436 2063 4
1457 2036 1533 2071 plani
1552 2040 1588 2063 JI.

581 2086 628 2109 XI.
660 2086 689 2109 11
712 2085 826 2109 admone
847 2085 873 2109 in
887 2085 941 2116 sine
956 2085 1066 2116 liayiicae
1086 2083 1121 2107 All.
1198 2086 1229 2108 12
1250 2083 1358 2113 evangfi
1378 2086 1415 2109 ill-

581 2130 674 2153 XIIII.
704 2131 736 2153 24
757 2127 846 2159 sensu]
868 2129 968 2153 seusu?
989 2129 1025 2153 Μ.
2143 2134 2170 2153 35

581 2174 637 2197 XV.
667 2175 698 2198 ⁴29
719 2171 856 2204 sacerdus]
877 2174 987 2205 sequitur
1006 2174 1097 2197 lacuna
1115 2173 1195 2197 decem
1210 2173 1266 2204 fere
1285 2182 1414 2197 erasarum
1434 2173 1574 2197 litterarum
1594 2173 1630 2196 M.

586 2247 613 2279 1)
641 2247 688 2281 (Υ.
708 2246 858 2274 Concilium
884 2246 1023 2273 Vin-nense
1040 2247 1099 2274 755
1123 2256 1145 2273 c.
1163 2247 1197 2279 5;
1222 2247 1239 2272 l.
1257 2247 1274 2272 l.
1287 2256 1319 2282 p.
1338 2247 1385 2274 34.
1475 2245 1504 2279 2)
1531 2245 1579 2279 Cf.
1597 2245 1660 2272 ibid.
1680 2255 1702 2273 c.
1717 2247 1752 2274 11
1770 2242 1805 2281 (l.
1823 2246 1840 2272 l.
1853 2256 1886 2282 p.
1901 2243 1954 2283 35)
1973 2250 1997 2273 et
2014 2237 2123 2280 ὄίεησν,

479 2302 495 2327 ἰ.
523 2301 539 2326 l.
561 2301 672 2336 2123&
696 2310 764 2326 (0171.
782 2303 811 2328 2.
917 2299 946 2332 3)
975 2298 1022 2333 Cf.
1050 2298 1153 2327 Concil.
1179 2299 1262 2326 Vera.
1288 2300 1346 2327 755
1371 2309 1408 2326 ec.
1433 2300 1482 2327 23.
1508 2300 1564 2332 25;
1589 2300 1607 2326 l.
1633 2300 1650 2325 l.
1670 2309 1703 2336 p.
1721 2300 1768 2327 37.
1862 2298 1891 2332 4)
1916 2299 1951 2326 In
1975 2299 2125 2326 traditione

477 2353 599 2389 quadam
628 2352 806 2389 Frisinyensi
821 2353 985 2381 759—760
1005 2348 1219 2387 (Meschelbecl.)
1245 2352 1319 2380 Hist.
1339 2352 1465 2390 Frisiny.
1484 2352 1507 2385 Ι1
1524 2354 1554 2386 2,
1570 2350 1627 2389 27)
1652 2352 1831 2380 inveniuntur
1853 2353 1962 2388 siguum
1986 2352 2123 2388 Raginoni

475 2407 591 2441 presidi,
616 2407 724 2441 signum
743 2406 902 2441 Cundpaldi
926 2406 1035 2432 iudicis.
1122 2405 1152 2438 5)
1180 2404 1227 2440 Cf.
1246 2405 1309 2433 Lex
1324 2405 1438 2433 Baium.
1456 2405 1496 2439 II,
1514 2406 1540 2434 1.
1565 2405 1629 2439 VII,
1646 2406 1664 2434 4
1681 2402 1773 2441 (MG'.
1792 2406 1854 2432 LL.
1873 2405 1929 2440 III,
1946 2407 2018 2434 282.
2035 2403 2122 2441 298).
2142 2413 2170 2431 40

479 2458 582 2487 Cum-il.
601 2459 776 2496 Dinyoljz'ny.
796 2459 872 2486 circa
888 2460 948 2488 770
965 2469 988 2486 c.
1006 2461 1032 2491 9,
1057 2458 1161 2486 Concil.
1179 2457 1319 2496 Neulzinq.
1338 2459 1398 2487 772
1415 2468 1452 2486 cc.
1471 2459 1516 2487 14.
1535 2459 1573 2487 17
1590 2456 1690 2494 (infra
1701 2469 1733 2496 p.
1752 2460 1799 2487 95.
1817 2460 1877 2489 102
1888 2456 1953 2496 δᾳ).
2025 2458 2055 2492 6)
2076 2458 2123 2493 (ff.

478 2512 510 2539 L.
530 2512 642 2538 Baimv.
668 2512 730 2541 VII,
757 2513 838 2540 1—:3
863 2513 897 2547 (l.
916 2513 933 2538 l.
947 2522 980 2548 p.
997 2509 1083 2547 297),
1109 2521 1181 2548 quae
1198 2511 1292 2548 capita
1310 2512 1458 2539 secundum
1478 2511 1589 2539 Alerlcel
1604 2509 1638 2547 (l.
1657 2513 1674 2539 l.
1687 2522 1720 2549 p.
1737 2509 1814 2549 229)
1840 2511 1950 2549 ‘procul
1964 2511 2044 2540 dubio
2061 2522 2123 2539 con-

477 2565 640 2592 stitutionem
669 2587 673 2591 .
702 2586 706 2591 .
735 2587 739 2592 .
766 2575 784 2591 a.
815 2565 958 2592 Tassilone
982 2564 1022 2591 II.
1049 2565 1116 2591 duce
1143 2586 1147 2591 .
1175 2586 1180 2591 .
1209 2586 1213 2591 .
1241 2564 1340 2592 editam
1373 2565 1542 2598 cmztinent';
1579 2565 1638 2592 vide
1668 2569 1758 2592 autem
1783 2556 1894 2599 ὄῖεηεν,
1925 2566 1942 2592 l.
1968 2566 1985 2592 Z.
2012 2576 2044 2602 p.
2065 2567 2124 2593 300

477 2628 544 2645 (tim.
562 2619 589 2645 4.
627 2617 739 2651 Nauck,
759 2619 776 2644 l.
795 2619 811 2644 I.
825 2628 856 2654 l».
872 2619 929 2646 439
946 2628 1014 2645 (nin.
1028 2619 1057 2646 5.
1129 2617 1158 2650 ’1)
1181 2616 1228 2652 Cf.
1248 2618 1281 2644 L.
1301 2617 1413 2645 Baizcw.
1431 2618 1470 2652 II,
1489 2619 1535 2646 14.
1554 2619 1690 2651 lif—18.-
1707 2619 1724 2645 Ζ.
1743 2619 1760 2645 l.
1772 2628 1805 2655 p.
1822 2619 1884 2647 287
1895 2628 1955 2655 sqq.
2026 2618 2056 2652 8)
2076 2618 2123 2653 Cf.

478 2671 583 2697 Psalmi.
611 2672 658 2703 67,
683 2672 718 2698 4:
743 2672 780 2697 Et
806 2672 870 2697 iusti
896 2671 1049 2705 epulentur
1074 2675 1102 2697 et
1129 2671 1271 2697 exsultent
1296 2671 1323 2697 in
1348 2676 1501 2706 conspectu
1526 2672 1591 2697 Dei.
1629 2671 1741 2705 Ile-fele,
1767 2672 1784 2698 l.
1810 2672 1826 2698 l.
1852 2671 1908 2705 III,
1926 2672 1986 2700 602
2010 2681 2078 2699 ann.
2096 2673 2122 2700 1.
2142 2682 2169 2700 4⁵

478 2715 588 2757 (filmer,
613 2725 630 2750 l.
657 2724 673 2750 l.
695 2734 726 2760 p.
745 2725 804 2752 :302
828 2725 941 2751 (111114.
