2242 3085
99 690 124 708 10

100 958 124 976 15

96 1498 123 1517 25

98 1765 124 1784 30

98 2129 124 2148 ³5

98 2351 126 2369 40

100 2673 128 2692 45

561 107 610 135 39.
648 107 863 135 CONCILIUM
887 106 1213 138 AQUISGRANENSE
1237 107 1274 134 A.
1295 107 1368 134 816.
1720 103 1782 133 345

145 214 230 240 quam
255 205 356 231 docere
381 209 521 239 oporteat,
547 206 704 231 existimare
729 213 885 239 personam.
934 203 1061 230 Rudibus
1085 205 1195 239 populis
1219 214 1269 231 seu
1293 205 1449 231 carnalibus
1478 207 1562 239 plana
1592 207 1677 238 atque
1709 213 1782 230 com-

143 258 246 290 munia,
270 266 324 284 non
348 267 454 284 summa
477 263 562 292 atque
587 259 674 285 ardua
696 258 887 292 praedicanda
910 260 984 289 sunt,
1015 266 1050 284 ne
1083 258 1262 284 inmensitate
1296 258 1438 284 doctrinae
1470 257 1662 292 opprimantur
1689 257 1782 291 potius

144 319 228 345 quam
252 311 426 337 erudiantur.
473 311 557 338 Unde
590 315 619 338 et
642 311 745 337 Paulus
769 310 911 345 apostolus
935 311 990 337 ait:
1022 309 1086 337 Αἴθη
1113 310 1195 346 potui
1225 310 1297 337 vobis
1321 310 1395 346 loqui
1422 310 1503 347 quasi
1524 309 1704 346 spiritalibus,
1735 310 1785 336 sed

144 363 226 400 quasi
248 363 417 391 carnalibus.
472 364 624 400 Tamquam
644 363 775 400 parvulis
799 363 827 390 in
853 362 962 391 Christo
986 364 1031 390 Iac
1056 362 1127 390 vobis
1152 367 1249 399 potum
1280 363 1352 396 decli,
1384 373 1439 390 nou
1471 372 1569 390 escam.
1617 362 1782 389 Carnalibus

145 417 250 451 quippe
275 417 371 443 animis
395 426 449 443 nec
473 417 531 444 alta
554 417 633 444 nimis
658 417 693 443 de
719 417 888 443 caelestibus
912 426 965 443 nec
996 420 1110 442 terrena
1140 417 1271 442 convenit
1303 417 1477 450 praedicare,
1511 417 1561 443 sed
1592 416 1780 447 mediocriter,

143 473 174 495 ut
198 470 277 496 initia
301 479 395 497 eorum
418 479 565 505 moresque
590 470 753 502 desiderant
771 470 892 496 edoceri.
930 469 1045 501 Corms,
1071 469 1136 495 dum
1159 478 1222 495 suos
1247 469 1338 503 pullos
1362 470 1462 495 viderit
1487 469 1542 495 albi
1567 469 1675 501 coloris,
1700 469 1782 495 nullis

144 532 191 550 eos
215 523 283 549 cibis
308 523 368 555 alit,
393 524 444 550 sed
473 523 641 550 tantundem
672 523 813 555 adtendit,
844 523 934 549 donec
964 526 1083 556 paterno
1115 522 1207 549 colore
1238 522 1399 557 nigrescant
1431 526 1460 548 et
1492 523 1529 549 sic
1555 522 1616 548 illos
1640 522 1782 556 frequenti

143 577 205 603 cibo
229 576 348 603 reficiat.
395 576 439 603 Ita
464 579 492 603 et
517 576 652 603 ecclesiae
677 576 775 602 doctor
798 579 939 607 strenuus,
971 575 1023 601 nisi
1048 584 1105 608 eos,
1139 584 1206 609 quos
1231 576 1324 608 docet,
1355 575 1456 602 viderit
1488 576 1522 601 ad
1555 585 1631 601 suam
1655 575 1780 601 similitu-

143 629 237 656 dinem
260 629 454 664 paenitentiae
479 629 654 656 confessione
680 629 840 664 nigrescere
867 632 895 655 et
920 629 1010 655 nitore
1041 628 1179 655 saeculari
1210 628 1339 663 deposito
1363 628 1572 654 lamentationis
1596 628 1721 655 habitum
1746 628 1781 654 de

142 683 254 717 peccati
277 683 469 710 recordatione
495 682 622 714 induere,
647 685 746 716 utpote
772 682 863 708 adhuc
889 682 1080 714 exterioribus,
1112 681 1164 708 hoc
1196 684 1239 708 est
1270 681 1437 713 carnalibus,
1469 690 1523 707 non
1552 682 1641 716 aperit
1666 681 1780 707 intelle-

142 737 255 771 gentiae
279 737 410 771 spiritalis
433 735 614 770 profundiora
637 735 780 770 mysteria,
806 744 853 767 ne,
878 735 943 761 dum
967 735 1064 761 audita
1086 744 1141 760 non
1173 735 1297 769 capiunt,
1329 735 1404 769 prius
1436 735 1571 769 incipiant
1602 738 1780 760 contemnere

143 799 226 824 quam
249 789 378 816 venerari
401 789 533 815 mandata
557 788 701 815 caelestia.
748 788 840 814 Aliter
864 791 907 815 est
931 788 1071 823 agendum
1095 788 1169 814 circa
1193 797 1250 821 eOS,
1284 788 1331 822 qui
1355 792 1449 814 nostro
1474 788 1685 814 committuntur
1708 789 1780 823 regi-

143 843 218 875 mini,
243 843 266 868 si
289 842 445 874 offendunt,
472 845 557 876 atque
583 841 666 868 aliter
689 850 751 867 cum
775 841 827 874 his,
853 841 901 876 qui
924 841 1003 868 nobis
1028 841 1163 867 commissi
1188 850 1243 867 non
1267 844 1343 867 sunt.
1381 840 1436 871 Qui
1460 841 1482 867 si
1507 841 1570 867 iusti
1595 844 1669 873 sunt,
1695 850 1780 868 vene-

142 896 221 922 randi
245 899 326 928 sunt;
352 895 374 921 si
398 903 464 922 vero
489 895 667 929 delinquunt,
692 903 742 929 pro
766 894 825 920 sola
849 895 977 927 caritate,
1002 898 1033 920 ut
1057 894 1134 921 locus
1159 898 1212 927 est,
1238 894 1406 929 corripiendi
1430 897 1504 926 sunt,
1529 897 1696 920 nontamen
1721 903 1782 921 cum

143 949 295 976 severitate
321 949 392 975 sicut
415 949 454 982 hi,
480 948 526 982 qui
550 948 629 975 nobis
653 948 769 983 regendi
794 952 859 974 sunt
883 948 1029 974 commissi.
1065 948 1145 974 Prius
1169 948 1290 975 docendi
1313 951 1377 974 sunt
1401 949 1525 974 seniores
1549 948 1650 982 plebis,
1677 951 1707 973 ut
1731 957 1782 982 per

144 1011 190 1029 eos
214 1003 286 1029 infra
308 1002 393 1037 positi
416 1002 525 1028 facilius
551 1002 716 1028 doceantur.
763 1001 847 1028 Unde
873 1005 901 1027 et
925 1001 1083 1036 apostolus:
1116 1001 1206 1034 Haec,
1231 1001 1338 1035 inquid,
1365 1001 1526 1027 commenda
1542 1000 1674 1038 fidelibus
1698 1000 1782 1028 homi-

142 1055 229 1089 uibus,
254 1055 301 1092 qui
323 1055 416 1082 idonei
436 1059 501 1082 sunt
516 1058 541 1081 et
555 1054 626 1082 alios
642 1055 749 1082 [locere.
784 1054 931 1089 Ingenium
947 1055 1012 1081 boni
1029 1055 1149 1081 doctoris
1168 1058 1210 1081 est
1227 1054 1387 1088 incipientis
1404 1064 1420 1080 a
1437 1054 1564 1080 laudibus
1583 1063 1686 1087 eorum,
1713 1063 1781 1088 quos

142 1109 292 1135 salubriter
316 1109 476 1143 obiurgatos
493 1108 632 1143 corripere
658 1108 744 1142 cupit,
770 1108 840 1134 sicut
865 1108 1006 1142 apostolus
1024 1108 1059 1134 ad
1077 1107 1234 1134 Corinthios
1258 1107 1335 1140 facit,
1361 1116 1429 1142 quos
1446 1117 1462 1134 a
1477 1107 1607 1133 laudibus
1624 1107 1734 1133 inchoat
1753 1111 1781 1133 et

143 1162 381 1197 increpationibus
405 1162 515 1196 probat.
563 1161 620 1188 Sed
652 1165 731 1188 erant
763 1161 837 1195 apud
862 1160 1030 1193 Corinthios,
1062 1161 1109 1195 qui
1139 1165 1166 1187 et
1191 1161 1274 1187 laude
1301 1164 1330 1187 et
1354 1161 1547 1195 increpatione
1573 1161 1651 1195 digni
1675 1164 1781 1187 essent.

141 1216 193 1242 Ille
217 1225 283 1242 vero
308 1215 459 1242 indiscrete
491 1215 623 1249 loquitur,
656 1215 702 1249 qui
733 1215 771 1240 sic
803 1219 922 1249 utraque
954 1214 1080 1240 omnibus
1104 1214 1236 1248 loquitur,
1269 1218 1300 1240 ut
1331 1214 1457 1240 omnibus
1485 1218 1605 1248 utraque
1632 1214 1780 1240 convenire

142 1269 300 1296 videantur.

248 1325 414 1357 XXIIII1.
470 1324 700 1367 Gregorii,
748 1324 946 1366 qualiter
992 1324 1189 1366 praelati
1235 1324 1466 1355 subiectos
1507 1324 1696 1355 doceant
1736 1335 1782 1355 ac

143 1380 411 1421 semetipsos
435 1378 637 1410 discreta
662 1378 1073 1419 circumspectione
1098 1377 1407 1419 praevideant.
1457 1380 1550 1413 Quia2
1574 1383 1668 1417 igitur,
1694 1382 1783 1416 qualis

144 1447 204 1465 esse
230 1438 335 1464 debeat
351 1440 456 1472 pastor,
482 1437 610 1471 superius
627 1436 811 1468 ostendimus,
836 1444 908 1461 nunc
927 1435 1048 1469 qualiter
1065 1436 1176 1468 doceat,
1202 1436 1434 1462 demonstremus.
1471 1436 1534 1462 Non
1555 1445 1609 1461 una
1627 1436 1782 1470 eademque

142 1491 250 1517 cunctis
275 1490 431 1517 exhortatio
456 1490 594 1524 congruit,
627 1489 692 1524 quia
722 1498 774 1515 nec
807 1492 922 1515 cunctos
946 1498 997 1523 par
1019 1498 1123 1514 morum
1149 1489 1268 1523 qualitas
1293 1489 1432 1523 astringit.
1480 1488 1554 1523 Sepe
1579 1489 1783 1529 namque-aliis

142 1544 269 1571 officiunt
295 1553 366 1578 quae
392 1544 452 1570 aliis
476 1547 603 1578 prosunt,
630 1543 695 1577 quia
719 1546 747 1569 et
771 1542 936 1576 plerumque
961 1542 1077 1575 herbae,
1107 1551 1179 1576 quae
1204 1542 1273 1568 haec
1299 1542 1427 1568 animalia
1456 1543 1594 1575 nutriunt,
1627 1542 1681 1568 alia
1711 1542 1782 1568 occi-

145 1599 225 1630 dunt,
252 1601 279 1623 et
303 1597 374 1623 lenis
399 1597 494 1623 sibilus
520 1605 606 1631 equos
630 1597 749 1630 mitigat,
776 1595 884 1622 catulos
906 1595 1031 1630 instigat,
1058 1599 1086 1621 ct
1104 1596 1348 1628 medicamentum,
1375 1596 1449 1630 quod
1465 1595 1537 1621 hunc
1555 1596 1679 1621 morbum
1695 1595 1782 1621 immi—

143 1652 213 1684 nuit,
238 1651 319 1678 alteri
343 1651 417 1677 vires
442 1651 542 1685 iungit,
575 1654 603 1676 et
627 1650 716 1685 panis,
749 1649 796 1684 qui
827 1649 912 1675 vitam
936 1649 1048 1674 fortium
1072 1649 1194 1681 roborat,
1225 1649 1402 1683 parvulorum
1427 1652 1520 1675 necat.
1568 1649 1621 1675 Pro
1647 1649 1783 1683 qualitate

143 1705 228 1739 igitur
252 1705 425 1731 audientium
455 1704 567 1730 formari
597 1703 685 1729 debet
716 1711 806 1729 sermo
837 1703 990 1734 doctorum,
1023 1705 1053 1727 ut
1086 1705 1113 1728 et
1146 1703 1181 1728 ad
1212 1711 1263 1728 sua
1293 1702 1407 1736 singulis
1437 1706 1572 1736 congruat
1597 1705 1626 1728 et
1650 1706 1744 1728 tamen
1769 1711 1785 1728 a

143 1758 292 1785 communis
317 1757 518 1784 aedificationis
543 1760 602 1783 arte
628 1765 777 1790 numquam
801 1756 927 1782 recedat.
965 1754 1039 1785 Quid
1057 1755 1129 1781 enim
1153 1761 1217 1781 sunt
1242 1756 1369 1781 intentae
1395 1759 1504 1781 mentes
1528 1755 1695 1787 auditorum,
1721 1755 1782 1787 nisi,

143 1816 173 1838 ut
197 1812 237 1838 ita
261 1811 386 1843 dixerim,
412 1810 549 1845 quaedam
573 1810 601 1836 in
625 1809 731 1835 cithara
755 1809 897 1835 tensiones
922 1812 1029 1835 tractae
1055 1808 1240 1834 chordarum?
1285 1808 1362 1839 Quas
1387 1809 1522 1843 tangendi
1544 1808 1655 1840 artifex,
1681 1813 1712 1834 ut
1729 1817 1783 1834 non

143 1865 309 1899 sibimetipsi
340 1864 471 1890 dissimile
503 1863 643 1889 canticum
673 1863 768 1894 faciat,
801 1862 970 1888 dissimiliter
999 1862 1110 1896 pulsat,
1144 1866 1172 1888 et
1203 1862 1305 1888 idcirco
1337 1862 1456 1887 chordae
1487 1870 1634 1887 consonam
1658 1862 1782 1888 modula-

142 1919 247 1944 tionem
271 1918 404 1945 reddunt.
431 1917 496 1951 quia
518 1925 572 1943 uuo
598 1916 711 1950 quidem
735 1916 853 1950 plectro,
879 1916 929 1942 sed
954 1924 1008 1941 non
1032 1924 1086 1941 uno
1111 1915 1223 1949 inpulsu
1246 1915 1395 1941 feriuntur.
1432 1915 1538 1941 Doctor
1555 1915 1684 1948 quisque,
1709 1915 1784 1940 utin

143 1981 198 1998 una
223 1975 338 1997 cunctos
362 1971 466 1997 virtute
492 1970 616 1996 caritatis
641 1969 784 2001 aedificet,
811 1978 844 1995 cx
868 1978 923 1996 una
947 1969 1083 2001 doctrina,
1109 1977 1163 1994 non
1187 1977 1242 1994 una
1266 1969 1422 2002 eademque
1449 1968 1639 1994 exhortatione
1666 1972 1782 2003 tangere

250 2120 356 2143 XXIII.
385 2120 400 2143 2
427 2120 605 2143 inmensetate
632 2117 662 2142 L.
755 2118 769 2141 S
796 2121 936 2141 strennuus
963 2117 999 2140 M.
1091 2117 1105 2140 9
1132 2117 1214 2140 nitori
1238 2116 1270 2140 B.
1370 2117 1398 2139 11
1429 2119 1617 2147 contempni-rc
1644 2116 1675 2139 L.
1696 2116 1726 2140 B.
1748 2116 1783 2140 Jl.

147 2166 178 2189 12
199 2162 280 2194 circa]
304 2172 367 2195 erga
387 2163 418 2188 Β.
475 2164 639 2187 comituntur
658 2162 688 2191 L,
710 2163 898 2187 commituntur
918 2161 949 2185 B.
1006 2161 1134 2193 regimine
1156 2161 1186 2184 R.
1202 2160 1231 2186 L.
1246 2160 1278 2184 B.
1336 2162 1366 2184 13
1387 2161 1409 2184 si
1424 2158 1571 2191 offendunt]
1586 2161 1633 2185 sed
1647 2161 1784 2184 offendunt

144 2209 214 2233 codd.
272 2209 302 2232 14
322 2217 386 2232 vera
400 2208 431 2231 B.
488 2207 627 2232 delincunt
646 2207 678 2231 B.
742 2208 773 2230 16
794 2207 871 2231 Unde
893 2209 919 2229 et
938 2205 1078 2237 apostolus
1092 2218 1126 2221 —-
1140 2206 1209 2228 sicut
1229 2204 1366 2236 apostolus
1386 2203 1413 2235 (l.
1430 2202 1482 2235 my]
1503 2205 1571 2229 unde
1592 2204 1731 2236 apostolus
1752 2205 1783 2229 B.

147 2254 177 2278 17
199 2253 387 2284 incipientibus
409 2252 440 2276 R.
460 2252 490 2276 L.
566 2252 597 2276 18
617 2248 701 2283 cupit]
724 2252 834 2282 cupiunt
853 2250 884 2275 R.
905 2250 935 2274 L.
1013 2250 1162 2274 Corrintios
1182 2249 1216 2274 Β.
1295 2250 1387 2273 incoat
1407 2249 1439 2273 B.
1514 2250 1544 2273 19
1566 2249 1733 2273 Corrinthios
1753 2249 1785 2274 B.

146 2299 179 2322 20
199 2294 354 2327 indiscrete]
381 2297 418 2321 sic
446 2297 561 2321 discrete
588 2296 619 2320 R.
640 2296 671 2319 B.
694 2295 728 2325 Μ,
757 2296 791 2319 sit
818 2295 932 2318 discrete
954 2294 983 2318 L.
1075 2293 1195 2325 loquitur
1222 2291 1276 2325 qui]
1304 2294 1393 2317 desunt
1419 2294 1450 2318 R.
1476 2293 1507 2317 L.
1533 2294 1567 2323 M,
1598 2294 1643 2325 qui
1669 2294 1734 2318 deest
1753 2294 1784 2318 B.

146 2343 179 2367 20
201 2346 229 2366 ut
250 2338 382 2372 omnibus]
404 2344 432 2365 ut
451 2341 569 2365 omnium
589 2340 621 2365 R.
642 2340 671 2364 L.
692 2340 724 2364 B.
798 2341 828 2364 21
851 2340 975 2363 videatur
995 2338 1026 2362 B.

252 2395 351 2419 XXIV.
381 2396 414 2419 22
440 2394 555 2426 praelati
584 2391 731 2424 subiectos]
761 2394 897 2418 subiectos
926 2391 1040 2424 praelati
1068 2391 1103 2415 Μ’.
1195 2389 1234 2422 ae]
1261 2400 1276 2415 a
1302 2391 1333 2415 L.
1360 2391 1392 2415 B.
1484 2392 1516 2415 25
1544 2392 1677 2415 exortatio
1702 2391 1732 2415 L.
1754 2391 1785 2415 B.

146 2441 179 2465 26
199 2440 282 2464 herba
302 2439 333 2463 B.
401 2440 432 2463 ΞΤ
454 2438 557 2463 sibulus
578 2438 609 2462 B.
677 2437 781 2462 catulus
802 2436 846 2468 L„
900 2438 932 2460 29
953 2436 986 2460 ad
1006 2444 1055 2460 sua
1075 2434 1199 2468 singulis]
1221 2436 1254 2459 ad
1274 2435 1382 2467 singula
1402 2444 1450 2459 sua
1470 2436 1502 2459 B.
1570 2437 1600 2459 31
1623 2436 1733 2467 cythara
1753 2435 1784 2460 B.

146 2481 314 2515 chordarum]
335 2483 410 2508 cord·
430 2483 461 2507 L.
482 2483 513 2507 B.
593 2484 626 2506 32
645 2482 819 2514 sibimetipsis
841 2482 876 2506 Jl.
955 2481 1057 2504 faciant
1077 2480 1114 2504 M.
1186 2479 1396 2504 modolationem
1418 2480 1446 2504 L.
1523 2481 1555 2503 33
1576 2479 1683 2511 inpulso
1705 2480 1735 2504 R.
1755 2479 1780 2503 Lv

147 2530 178 2553 34
200 2533 294 2553 cuntos
315 2528 346 2552 Β.
421 2528 587 2551 exortatione
608 2526 640 2550 B.

259 2664 285 2693 l)
313 2663 399 2691 (124
419 2673 458 2685 =
484 2661 551 2689 Taiu
568 2661 602 2688 Il
622 2671 643 2688 c.
662 2663 718 2694 35,-
754 2661 846 2694 Iti-sco,
873 2661 889 2687 l.
908 2661 925 2686 l.
952 2659 1064 2692 XXXI,
1089 2660 1146 2687 313
1158 2669 1217 2695 sqq.
1243 2656 1363 2695 (illique,
1389 2659 1406 2685 l.
1430 2659 1446 2685 l.
1474 2659 1597 2691 LXXX,
1622 2659 1683 2687 827
1695 2656 1786 2694 impij:

150 2717 190 2752 cf.
216 2716 318 2744 ‘Nems
343 2715 461 2743 Archiv’
488 2715 614 2747 XXVII,
641 2716 697 2743 619
710 2724 750 2751 sq.
859 2712 888 2746 2)
923 2712 971 2739 Ex
996 2712 1135 2749 Gregorio
1162 2712 1213 2745 1ἲῇ,
1240 2711 1348 2749 Regsulct
1368 2716 1478 2748 pastor.
1505 2711 1547 2738 lib.
1567 2711 1621 2738 III.
1643 2721 1787 2747 proocm.;

150 2771 222 2807 (ψῃ.
248 2770 286 2803 II,
311 2771 400 2806 335q.

202 2827 245 2848 ιι,
258 2827 356 2846 eoncilia
371 2827 400 2847 11.
1544 2826 1576 2848 44

1803 316 1819 334 1.
1828 314 1877 335 Cor.
1885 315 1933 338 3,1.
1941 315 1960 335 ι’.

1801 1009 1820 1027 2.
1830 1009 1886 1030 Tim.
1893 1010 1912 1030 2,
1921 1009 1940 1028 2.

1801 1107 1829 1128 ef.
1838 1108 1855 1127 1.
1863 1106 1913 1128 Cor.

1812 1135 1830 1157 1,
1838 1134 1905 1157 4sqq.
