2242 3085
80 731 105 750 10

82 996 106 1015 15

80 1263 105 1281 20

79 1530 105 1548 25

81 1797 106 1816 30

82 2121 107 2140 35

81 2455 109 2474 40

84 2721 110 2739 45

619 145 648 172 5.
685 144 901 172 CONCILIUM
926 145 1124 172 ROMANUM
1149 147 1183 172 A.
1207 146 1280 179 745.
1729 145 1770 175 43

124 240 185 270 nisi
211 244 244 270 ut
269 240 386 278 onmia,
418 250 500 280 quae
533 237 626 269 nobis
651 238 772 268 relecta
797 242 880 277 sunt,
913 238 979 279 igni
1005 244 1259 277 concrementur,
1287 246 1433 271 auctores
1458 252 1535 271 vero
1561 252 1671 272 eorum
1696 252 1771 271 ana-

124 292 272 323 thematis
304 291 433 322 vinculo
465 290 709 333 pel-vellantur?
757 290 843 330 Quia
874 296 945 322 octo
976 292 1106 321 nomina
1138 291 1335 332 angelorum,
1369 304 1450 334 quae
1482 295 1514 323 in
1546 306 1603 325 sua
1628 295 1770 325 oratione

124 345 319 376 Aldebertus
343 345 518 383 invocavit,
544 355 607 375 non
633 343 831 385 angelorum,
864 349 1091 385 praeterquam
1116 344 1300 380 Mieliaelis;
1333 345 1390 376 sed
1422 348 1523 387 magis
1556 347 1708 378 demones
1739 348 1771 377 in

126 410 183 429 sua
208 399 351 429 oratione
383 397 444 428 sibi
477 397 517 428 ad
542 397 752 438 prestandum
783 397 940 427 auxilium
972 398 1146 428 invocavit.
1194 397 1260 428 Nos
1286 403 1401 437 autem,
1428 406 1461 429 ut
1486 411 1504 429 a.
1528 406 1634 430 vestro
1660 406 1770 431 sancto

126 451 307 493 apostolatu
332 450 506 481 edocemur
530 455 561 481 et
586 450 696 481 divina
713 450 811 480 tradit
829 451 1014 489 auctoritas,
1040 462 1103 481 non
1122 450 1191 492 plus
1210 462 1307 492 quam
1325 452 1419 481 trium
1437 452 1624 492 angelcnann
1642 455 1772 484 nomina

126 505 360 546 cognoscimus,
393 503 427 534 id
452 509 500 534 est
523 503 673 542 Michael,
705 502 849 542 Gabriel,
875 503 1030 545 Raphael.
1079 504 1140 534 Vel
1165 504 1325 545 siquidem
1349 505 1407 534 iste
1434 504 1492 535 sub
1519 505 1650 536 obtentu
1675 518 1770 548 ange-

124 558 226 589 lorum
262 557 435 588 demonum
471 558 601 587 nomina
643 557 842 587 introduxit'.
902 557 1078 587 Zacharias
1115 558 1336 588 sanctissimus
1374 570 1410 588 ac
1447 557 1651 588 beatissimus
1687 571 1772 601 papa

125 611 222 641 dixit:
256 611 396 652 ‘Optime
422 611 587 652 provisum
612 616 660 641 est
685 622 703 640 a
727 616 835 640 vestra
868 611 1048 649 sanctitate,
1081 616 1114 641 ut
1147 611 1330 652 conscripta
1361 610 1444 641 illius
1474 612 1580 641 omnia
1605 613 1678 652 igne
1705 624 1771 642 cre-

124 670 303 703 marentur,
329 663 388 694 sed
412 669 604 705 oportunum
630 669 686 701 est,
713 670 747 694 ut
771 663 812 694 ad
837 663 1097 705 reprobationem
1123 664 1191 694 eius
1216 664 1248 694 in
1273 669 1384 694 sancto
1409 670 1517 694 nostro
1536 665 1652 694 scrinio
1671 676 1771 695 reser-

124 723 240 748 ventur
270 717 311 748 ad
342 723 531 759 perpetuam
564 718 632 747 eius
665 717 896 748 ecmfusionem.
952 717 1045 747 Nunc
1078 728 1164 755 vero,
1198 718 1274 759 quia
1305 718 1411 747 omnia
1443 723 1574 759 peracta
1607 725 1695 755 sunt,
1733 719 1771 748 <le

125 776 332 812 utrorumque
359 771 527 809 sententia,
553 782 689 812 quorum
714 770 861 812 superius
886 771 1006 801 mentio
1032 771 1117 801 facta
1143 776 1199 805 est,
1226 771 1487 812 pertractandum
1513 771 1580 801 est'.

231 825 427 855 Universmn
452 823 624 854 concilium
650 824 746 854 dixit:
782 824 997 862 ‘Aldebertus,
1031 825 1121 855 cuius
1153 824 1247 855 nobis
1273 829 1363 854 actus
1389 830 1419 854 et
1444 824 1568 854 nefaria
1593 831 1773 855 commenta

125 877 244 908 relecta
269 884 351 915 sunt,
378 883 409 908 et
433 878 509 919 quia
534 888 567 907 sc
593 877 771 919 apostolum
798 878 922 908 censuit
946 878 1112 908 nominare
1139 885 1170 908 et
1195 877 1328 918 capillos
1354 883 1385 907 et
1402 877 1538 918 ungulas
1556 889 1629 908 suas
1647 878 1772 919 populis

125 943 182 973 pro
208 930 387 961 sanctualia
411 930 585 968 tribuebat,
618 930 776 961 seducens
801 930 956 972 populum
981 930 1117 961 diversis
1143 930 1315 969 erroribus,
1349 931 1402 972 qui
1435 931 1531 961 etiam
1556 930 1615 962 sub
1641 931 1772 961 obtentu

127 984 314 1025 angelorum
346 985 377 1014 in
410 995 466 1014 suo
499 984 619 1014 auxilio
653 983 805 1014 demones
838 984 977 1022 invocat,
1015 985 1055 1014 sit
1086 983 1126 1015 ab
1159 985 1245 1014 omni
1278 984 1383 1014 officio
1416 984 1608 1015 sacerdotali
1640 984 1772 1022 alienus,

125 1049 225 1079 agens
260 1038 493 1080 poenitentiam
528 1048 585 1079 pro
622 1038 801 1068 commissis
838 1043 868 1068 et
904 1037 1041 1079 amplius
1074 1038 1136 1068 iam
1170 1037 1323 1079 populum
1355 1038 1486 1068 minime
1519 1037 1661 1068 seducat.
1717 1037 1773 1067 Sin

125 1096 233 1122 antem
257 1092 289 1121 in
314 1090 362 1121 his
388 1090 550 1121 erroribus
576 1091 835 1132 perseveraverit
860 1097 891 1121 et
915 1091 1069 1132 populum
1094 1090 1231 1132 amplius
1263 1090 1438 1129 seduxerit,
1471 1091 1511 1121 sit
1543 1091 1571 1121 ei
1603 1091 1774 1121 anathema

126 1150 156 1175 et
187 1149 318 1175 aeterno
344 1144 408 1175 Dei
440 1144 559 1175 iudicio
593 1143 848 1186 condempnetur
878 1144 929 1174 vel
954 1145 1073 1183 omnis,
1107 1145 1162 1185 qui
1194 1144 1223 1174 ei
1249 1145 1448 1174 consenserit
1472 1149 1527 1174 aut
1552 1145 1619 1174 eius
1645 1151 1774 1175 secutus

125 1198 221 1228 fuerit
247 1197 426 1228 doctrinam
451 1203 506 1228 aut
531 1197 701 1228 adiunctus
726 1197 822 1228 fuerit
846 1197 901 1228 illi.
951 1197 1106 1228 Similiter
1136 1204 1244 1227 autem
1270 1203 1301 1228 et
1325 1196 1475 1228 Clemens
1519 1198 1573 1239 qui
1601 1208 1659 1239 per
1684 1209 1774 1228 suam

126 1251 294 1282 stultitiam
318 1256 501 1282 sanctorum
526 1256 654 1292 patrum
679 1256 797 1281 statuta
821 1251 945 1292 respuit.
976 1250 1027 1281 vel
1059 1251 1166 1281 omnia
1198 1250 1357 1281 sinodalia
1388 1256 1470 1289 acta,
1503 1251 1644 1281 inferens
1677 1251 1774 1281 etiam

125 1304 316 1335 Christianis
348 1304 558 1343 iudaismum,
592 1304 667 1334 dum
698 1304 865 1346 praedicet
896 1304 1003 1334 fratris
1035 1303 1179 1335 defuncti
1211 1304 1360 1345 accipere
1391 1315 1543 1340 uxorem,
1580 1305 1713 1345 insuper
1744 1309 1775 1334 et

129 1358 293 1389 dominum
318 1358 425 1388 Iesum
443 1357 607 1388 Christum
635 1357 887 1388 descendentem
912 1357 954 1387 ad
977 1357 1097 1387 inferos
1123 1368 1233 1387 omnes
1259 1358 1328 1398 pios
1355 1362 1386 1388 et
1410 1358 1514 1398 inpios
1540 1357 1657 1388 exinde
1683 1368 1773 1399 prae-

126 1411 213 1442 dicat
237 1411 446 1449 abstraxisse,
479 1410 520 1441 ab
553 1411 637 1441 omni
671 1412 710 1441 sit
735 1410 928 1441 sacerdotali
953 1410 1059 1441 officio
1084 1410 1223 1440 nudatus
1249 1415 1279 1440 ct.
1303 1410 1516 1441 anathematis
1542 1410 1670 1441 vinculo
1697 1410 1774 1441 obli-

126 1471 219 1506 gatus
244 1465 429 1506 pariterque
454 1464 518 1495 Dei
543 1464 661 1495 iudicio
688 1464 941 1505 condempnatus
967 1463 1019 1494 vel
1044 1465 1156 1503 omnis,
1189 1464 1244 1505 qui
1277 1465 1344 1494 eius
1377 1463 1543 1505 sacrilegis
1577 1465 1775 1494 consenserit

125 1517 409 1560 predicationibus’
423 1520 442 1548 ¹.

231 1574 251 1609 †
275 1571 461 1609 Zacharias,
494 1572 665 1613 episcopus
697 1576 828 1601 sanctae
854 1570 917 1601 Dei
949 1570 1127 1601 catholicae
1163 1576 1259 1612 atque
1292 1570 1489 1612 apostolicae
1521 1570 1609 1601 urbis
1642 1571 1773 1609 Romae,

126 1625 173 1655 his
199 1625 297 1666 gestis
323 1630 418 1666 atque
444 1625 622 1655 sententiae
648 1635 668 1655 a
691 1623 784 1655 nobis
809 1624 1020 1666 promulgatis
1045 1623 1244 1665 subscripsit.

231 1680 251 1716 †
275 1678 490 1720 Epiphanius,
523 1678 694 1720 episcopus
726 1682 856 1708 sanctae
889 1677 1067 1708 aecclesiae
1101 1677 1208 1708 Silvae
1235 1676 1403 1708 Candidae
1416 1680 1435 1716 2,
1468 1677 1516 1708 his
1548 1678 1647 1719 gestis
1679 1683 1774 1719 atque

126 1732 305 1762 sententiae
330 1743 348 1762 a
372 1731 465 1762 nobis
490 1731 700 1773 promulgatis
726 1730 926 1772 subscripsit.

231 1787 251 1823 ’ξ’
274 1785 482 1824 Benedictus,
515 1785 687 1826 episcopus
719 1789 851 1815 sanctae
883 1784 1061 1815 aecclesiae
1094 1783 1296 1814 Nomentane
1308 1786 1328 1821 3,
1365 1784 1413 1814 his
1445 1784 1544 1825 gestis
1576 1789 1671 1826 atque
1704 1795 1774 1814 sen-

125 1839 245 1870 tentiae
270 1849 289 1869 a
313 1838 405 1869 nobis
429 1837 641 1880 promulgatis
667 1837 866 1879 subscripsit.

232 1893 252 1931 †
276 1892 466 1929 VenantiuS,
492 1892 663 1933 episeopus
684 1896 815 1922 sanctae
833 1890 1012 1921 aecclesiae
1030 1891 1240 1921 Penestrinae
1252 1893 1272 1930 4,
1298 1890 1346 1921 his
1364 1891 1463 1932 gestis
1481 1896 1577 1932 atque
1596 1892 1774 1921 sententiae

126 1957 145 1976 a
168 1944 261 1976 nobis
286 1944 496 1987 promulgatis
522 1944 722 1986 subscripsit.

233 2073 248 2096 6
268 2072 401 2104 siquidem
416 2069 476 2102 iste]
497 2073 518 2095 si
537 2073 581 2103 qui
596 2072 628 2095 de
643 2072 762 2096 misterio
784 2071 819 2095 Jl.
896 2073 926 2095 13
949 2075 974 2095 ct
988 2069 1113 2102 ungulas]
1128 2075 1210 2102 atque
1224 2071 1340 2103 ungulas
1356 2072 1390 2095 M.
1467 2073 1497 2095 15
1519 2074 1723 2102 contempnetur
1738 2071 1773 2094 Δ1[.

127 2118 159 2141 26
180 2114 341 2147 catholicae]
363 2116 495 2148 ecclesiae
519 2116 551 2139 M.

237 2234 264 2267 l)
296 2234 341 2261 De
363 2233 464 2270 synodi
487 2234 556 2261 actis
587 2234 679 2267 refert
704 2233 852 2268 Bonifatio
879 2232 1039 2261 Gemmulus
1070 2233 1204 2259 diaeonus
1228 2232 1374 2260 Romanus
1405 2233 1496 2259 eodem
1529 2243 1619 2259 mensu
1648 2237 1672 2259 et
1699 2243 1774 2259 <runo

129 2285 220 2323 (Jllr'.
248 2287 324 2323 Epp.
350 2287 405 2320 III,
430 2284 505 2319 327)
532 2287 616 2313 llaec:
649 2286 705 2313 Sed
738 2291 765 2313 et
799 2288 873 2321 quod
899 2296 945 2313 vos
970 2296 1025 2313 non
1049 2287 1207 2321 sperabatis
1234 2286 1295 2313 fiori
1321 2287 1520 2321 suggessimus.
1570 2287 1604 2311 Et
1630 2287 1706 2312 facta
1731 2291 1772 2311 cst

128 2341 251 2376 synodus
276 2342 464 2372 sacerdotum,
495 2341 685 2375 praesedente
718 2341 819 2366 domno
850 2340 1013 2374 apostolico.
1062 2340 1098 2365 Et
1130 2340 1238 2366 relecta
1270 2344 1312 2365 est
1344 2340 1481 2374 sacrilega
1511 2339 1582 2365 illius
1607 2340 1774 2365 Aldebcrcti

128 2394 319 2421 nefandissimi
344 2395 402 2420 vita
427 2398 455 2421 et
480 2395 571 2421 omnia
595 2394 729 2429 opuscula
752 2394 825 2419 illius
851 2402 941 2419 coram
965 2394 1082 2428 syuodo,
1107 2394 1213 2427 pariter
1239 2397 1267 2419 ct
1293 2393 1413 2427 epistola
1437 2393 1627 2419 sanctissimae
1648 2394 1773 2427 paterni-

129 2448 196 2474 tatis
221 2451 342 2476 vestrae.
369 2448 416 2473 ubi
441 2448 475 2473 dc
501 2448 547 2474 illo
574 2451 602 2474 et
627 2448 662 2473 de
689 2446 843 2474 Clementis
868 2447 1011 2473 dementia
1035 2447 1226 2481 suggessistis.
1264 2447 1299 2472 Et
1324 2447 1361 2472 sic
1383 2450 1464 2480 gesta
1482 2451 1598 2480 peracta
1633 2447 1775 2472 sententia.

129 2501 315 2527 anathematis
340 2501 367 2526 in
393 2501 432 2527 eis
456 2501 634 2535 promulgata
659 2504 701 2527 est
726 2501 771 2527 vel
796 2501 823 2526 in
848 2501 984 2532 omnibus,
1018 2501 1064 2534 qui
1097 2508 1191 2525 corum
1223 2500 1374 2526 nefandam
1405 2500 1494 2525 secuti
1522 2499 1625 2525 fuerint
1651 2503 1772 2531 sectam,

129 2555 206 2581 cuius
231 2555 318 2580 instar
341 2555 419 2580 vobis
444 2564 460 2580 a
483 2554 583 2580 domno
611 2554 764 2589 apostolico
796 2554 904 2580 directa
936 2557 988 2579 cst.
1037 2553 1072 2578 Et
1104 2553 1173 2579 haec
1205 2562 1295 2579 coram
1327 2553 1472 2587 presentia
1499 2554 1656 2587 praesentis
1681 2553 1774 2578 fratris

129 2608 216 2634 nostri
240 2608 394 2639 Deneardi,
428 2607 596 2634 venerabilis
626 2608 787 2642 presbiteri,
820 2610 883 2633 acta
913 2610 994 2638 snut3
1029 2610 1056 2632 ct
1088 2607 1147 2640 ipse
1180 2606 1257 2632 vobis
1288 2614 1335 2631 ore
1367 2606 1477 2640 proprio
1502 2606 1606 2639 poterit
1634 2615 1773 2636 enarrare,

131 2661 204 2695 quod
222 2660 313 2687 omnia
329 2661 382 2687 ista
398 2669 450 2695 per
465 2669 515 2687 nos
540 2664 603 2687 acta
622 2664 696 2687 sunt.
735 2660 765 2687 V.
778 2664 933 2697 praeterea
951 2659 1114 2686 Zachariae
1131 2658 1273 2695 epistolam
1291 2659 1317 2685 d.
1336 2659 1361 2685 (l.
1380 2659 1439 2686 747
1456 2658 1519 2685 Ian.
1536 2660 1554 2686 5
1573 2656 1606 2693 (l.
1626 2659 1643 2684 l.
1657 2668 1687 2694 J}-
1703 2659 1773 2686 1349:

129 2712 264 2748 Jaffi-E.
291 2724 316 2740 η.
335 2710 444 2750 2278),
482 2724 517 2741 ex
540 2724 596 2750 qua
615 2718 697 2750 patet
720 2723 806 2750 nequa
831 2712 1006 2740 [ildebertum
1031 2722 1119 2749 neque
1145 2711 1310 2739 (Jlmnencem
1335 2711 1503 2748 acquievisse
1527 2711 1554 2738 in
1579 2712 1687 2737 decreto
1711 2721 1773 2737 (smn-

131 2766 186 2793 oilli
202 2766 332 2801 Romani,
358 2767 397 2794 ita
422 2771 450 2794 ut
472 2777 572 2795 novum
597 2767 630 2794 de
653 2767 706 2794 illis
723 2767 751 2794 in
769 2766 900 2793 Francia
917 2765 1085 2802 conqreqari
1108 2765 1211 2792 iuberet
1235 2765 1387 2798 concilium,
1413 2765 1446 2791 tle
1470 2765 1545 2791 cuius
1559 2764 1642 2801 yvstis
1655 2774 1775 2800 prorsus

130 2819 286 2856 ignoratur.
380 2815 409 2857 2)
435 2819 527 2847 Hodie
551 2819 635 2848 Selva
661 2819 800 2848 Candida.
896 2814 925 2856 3)
950 2817 1085 2845 Nomento
1110 2815 1173 2853 (Lu
1200 2814 1364 2852 Montana).
1460 2814 1487 2854 4)
1514 2817 1684 2844 Palm-[na.

1531 2875 1562 2899 ti*
