2242 3085
235 611 386 635 encantssffi.

399 134 462 164 412
817 132 867 160 39.
904 130 1121 158 CONCILIUM
1144 129 1471 162 AQUISGRANENSE
1495 128 1532 155 A.
1554 128 1629 155 816.

399 241 458 272 pro
484 229 530 260 eis
559 227 600 258 ab
632 227 717 258 omni
747 225 998 266 congregatione
1023 223 1201 254 communis
1227 223 1328 254 oratio
1341 224 1360 261 ¹,
1392 227 1426 253 ut
1450 233 1469 252 a
1493 221 1633 253 Domino
1658 225 1822 251 sanentur.
1868 221 2047 260 Postremo,

402 283 428 313 si
452 292 584 324 prorsus
610 277 864 311 inemendabiles
889 282 920 308 et
937 275 1173 317 incorrigibiles
1191 275 1409 318 apparuerint,
1435 285 1475 305 ne
1492 285 1551 316 per
1566 273 1676 315 plures
1701 284 1810 304 eorum
1828 273 1899 304 dira
1918 277 2049 314 serpant

403 334 564 376 contagia,
597 342 731 364 necesse
757 336 814 369 est,
846 335 881 361 ut
905 341 924 360 a
949 334 1149 360 caeterorum
1174 329 1328 359 societate
1359 333 1469 369 utpote
1495 337 1572 357 oves
1597 325 1764 357 morbidae
1789 326 1951 368 segregati
1975 331 2048 356 ante

402 387 618 431 praesentiam
650 384 852 416 deducantur
883 382 1037 424 episcopi,
1069 387 1104 412 ut
1134 381 1175 412 ab
1207 393 1244 412 eo
1277 381 1434 412 canonica
1464 379 1654 410 auctoritate
1686 377 1814 420 publice
1847 377 2048 409 damnentur.

405 441 440 472 Si
471 452 548 471 vero
581 439 651 481 quis
683 439 715 468 in
747 436 883 478 collegio
915 435 1144 467 canonicorum
1176 434 1303 476 culpam
1335 432 1534 465 criminalem
1566 431 1743 471 admiserit,
1778 431 1853 462 huic
1883 431 1972 462 nulla
2003 436 2051 462 est

405 493 513 525 danda
536 492 657 532 dilatio,
684 491 760 533 quin
786 495 841 520 aut
865 494 978 531 sponte
1003 488 1214 530 penitentiam
1240 498 1297 529 pro
1323 486 1463 517 admisso
1489 485 1623 516 crimine
1648 490 1739 526 gerat
1763 490 1827 523 aut,
1853 485 1878 515 si
1903 484 1936 515 id
1953 495 2050 526 agere

405 546 619 585 resultaverit,
645 555 753 575 coram
778 543 930 585 episcopo
956 541 1144 577 deducatur,
1169 546 1203 572 ut
1228 540 1268 571 ab
1294 551 1331 571 eo
1356 538 1488 581 publica
1512 537 1664 569 multetur
1688 538 1896 579 paenitentia.
1938 537 2051 568 Memi-

406 600 492 631 nisse
518 599 602 630 enim
627 602 752 639 oportet
776 602 927 634 rectoreS‚
960 595 1036 637 quia
1067 593 1215 625 columba
1248 599 1295 624 cst
1327 593 1359 623 in
1385 592 1502 623 divinis
1527 591 1693 633 scripturis
1718 590 1855 622 ecclesia
1879 590 2052 632 appellata,

407 664 490 694 quae
515 663 579 682 non
603 649 766 691 unguibus
791 649 921 687 lacerat,
947 647 1004 679 sed
1029 647 1087 678 alis
1112 647 1185 689 piae
1211 646 1359 688 percutit.
1397 645 1491 676 Unde
1517 645 1614 675 etiam
1638 644 1700 675 illis
1726 655 1928 686 summopere
1945 643 2052 674 obser-

407 705 549 736 vandum
575 710 632 744 est,
664 709 708 743 ut,
741 703 825 733 sicut
855 701 1067 744 praemissum
1101 706 1158 739 est,
1190 701 1281 731 iuxta
1311 699 1441 730 modum
1474 698 1642 739 culparum
1667 703 1699 728 et
1722 708 1933 739 personarum
1958 703 2053 738 atque

408 764 550 790 aetatum
581 757 710 788 omnino
741 757 812 798 ipsa
842 760 1021 796 temperata
1053 754 1093 784 sit
1123 753 1294 794 correptio,
1330 758 1364 783 ut
1395 763 1454 782 nec
1486 751 1599 781 vitium
1631 750 1775 781 desidiae
1807 749 1963 781 inolescat
1993 760 2054 780 nec

409 811 569 853 correptio
600 808 856 841 mansuetudinis
887 807 1017 838 modum
1049 805 1197 840 excedat,
1233 816 1284 843 ne,
1316 811 1349 836 ut
1380 805 1425 835 ait
1457 804 1572 835 beatus
1603 803 1767 834 Maximus
1779 805 1799 842 2,
1836 808 1891 834 aut
1924 802 2056 833 solutior

408 865 523 895 lenitas
548 862 788 894 conhibentiam
814 859 969 902 praebeat
1000 859 1148 901 peccanti
1180 864 1233 889 aut
1264 857 1465 888 imnoderata
1497 857 1652 888 severitas
1677 867 1696 887 a
1720 856 1813 898 lapsu
1837 867 1901 886 non
1925 860 2057 886 revocet

409 917 659 959 delinquentem.
715 914 781 946 Sed
812 920 843 944 et
874 913 934 944 hoc
966 912 1027 942 illis
1058 911 1265 942 nihilominus
1297 910 1479 941 cavendum
1511 915 1568 949 est,
1599 920 1639 940 ne
1669 915 1775 940 errata
1799 908 2055 950 delinquentium

410 971 545 1002 alicuius
570 969 615 1000 rei
640 969 740 999 livore
765 967 891 1001 feriant,
924 965 981 995 scd
1012 965 1127 1006 potiuS,
1161 969 1194 994 ut
1225 964 1269 994 ait
1299 963 1414 994 beatus
1438 963 1639 1004 Augustinus
1651 965 1671 1001 3,
1704 962 1767 992 sint
1791 962 1960 992 criminum
1986 972 2056 1002 per-

411 1028 574 1054 secutores
606 1027 637 1052 et
668 1021 831 1051 hominum
862 1018 1062 1050 liberatores.
1111 1017 1248 1048 Oderint
1278 1017 1366 1056 vitia,
1399 1016 1535 1057 diligant
1558 1015 1714 1055 homines,
1748 1015 1873 1046 oderint
1901 1014 1987 1056 quod
2011 1014 2057 1044 in-

411 1077 528 1107 stinctu
553 1074 671 1106 diaboli
696 1074 856 1114 ingestum
882 1077 939 1111 est,
965 1071 1101 1112 diligant
1126 1070 1213 1112 quod
1229 1069 1293 1100 Dei
1314 1069 1458 1100 bonitate
1485 1073 1629 1099 creatum
1654 1073 1712 1099 est.
1749 1068 1896 1098 Teneant
1912 1068 1943 1098 in
1961 1078 2059 1098 manu

411 1128 561 1160 baculum
593 1133 624 1158 et
654 1127 790 1168 virgam,
824 1125 975 1156 baculum
1005 1123 1168 1163 videlicet,
1202 1135 1264 1165 quo
1297 1123 1433 1153 aliorum
1464 1122 1581 1152 virium
1613 1120 1841 1152 inbecillitates
1873 1120 2059 1162 spiritaliter

412 1186 600 1220 sustentent,
625 1181 751 1221 virgam
774 1190 863 1218 vero,
893 1189 956 1220 qua
980 1177 1059 1208 vitia
1084 1176 1339 1218 delinquentium
1364 1175 1432 1206 zelo
1459 1174 1660 1205 rectitudinis
1684 1174 1811 1205 feriant.
1858 1173 2058 1215 Delinquen-

411 1235 496 1266 tibus
520 1235 644 1265 interea
669 1239 700 1263 et
725 1231 1014 1263 excommunicatis
1039 1229 1193 1260 fratribus
1218 1240 1424 1271 nequaqnam
1449 1227 1569 1259 debent
1594 1227 1713 1258 caeteri
1738 1227 1854 1257 fratres
1878 1226 1988 1257 favere
2005 1231 2060 1256 aut

412 1300 466 1319 eos
492 1288 557 1318 suis
582 1285 821 1317 adulationibus
847 1284 998 1326 decipere
1024 1289 1078 1314 aut
1103 1294 1211 1313 eorum
1238 1288 1345 1313 errata
1370 1281 1556 1320 defendere,
1583 1280 1640 1311 sed
1664 1281 1769 1322 potius
1795 1291 1888 1322 opem
1906 1279 2001 1317 ferre,
2026 1284 2061 1309 ut

413 1341 584 1382 aequitatis
609 1350 747 1370 censura
772 1338 936 1368 districtae
962 1337 1195 1377 eor1·igantu1·⁴.

521 1493 690 1517 CXXXIIII.
723 1494 732 1516 1
762 1488 860 1522 oratio]
887 1491 994 1515 horatio
1021 1490 1053 1514 B.
1145 1486 1295 1520 Postremo]
1322 1489 1417 1512 VIIII.
1445 1489 1585 1512 Postremo
1611 1487 1642 1511 L.
1734 1488 1749 1511 2
1776 1485 2005 1510 inaenlendabiles
2030 1485 2061 1509 R.

414 1542 522 1570 serpent
542 1537 573 1562 L.
647 1538 661 1561 3
681 1537 831 1561 sociaetate
854 1535 883 1559 H.
958 1532 1106 1566 segregati]
1128 1535 1226 1557 secreti
1246 1533 1276 1557 L.
1300 1534 1325 1557 C.
1352 1536 1474 1557 secretae
1495 1532 1527 1557 B.
1548 1534 1725 1563 segregentur
1745 1531 1775 1554 P.
1849 1532 1864 1554 4
1885 1531 2062 1561 dampnentur

415 1583 438 1607 H
458 1581 479 1612 (e
498 1582 581 1609 cern).
602 1582 633 1606 L'.
726 1582 740 1603 ὃ
762 1578 799 1610 si]
820 1580 851 1603 X.
873 1580 900 1603 Si
922 1579 952 1603 L.
1044 1586 1108 1603 vero
1130 1575 1198 1609 quis]
1219 1578 1277 1609 quis
1298 1585 1362 1601 vcro
1382 1577 1412 1601 P.
1500 1577 1711 1600 cllanonicorum
1731 1575 1763 1599 B.
1850 1576 1863 1599 7
1885 1571 2062 1604 resultaverit]

415 1627 582 1652 recusaverit
603 1629 638 1652 Μ.
723 1625 905 1656 poenitentiae
925 1623 957 1647 B.
1049 1624 1063 1646 9
1084 1623 1202 1654 ungibns
1223 1622 1255 1645 B.
1339 1621 1377 1645 illi
1398 1621 1429 1645 R.
1521 1622 1548 1644 11
1572 1623 1722 1651 temperata
1742 1617 1786 1650 sit]
1807 1620 1840 1642 sit
1860 1621 2006 1650 temperata
2026 1619 2061 1643 J!-

417 1673 448 1696 12
476 1671 708 1695 mansuaetudinis
736 1669 766 1693 R.
859 1672 902 1692 aut
930 1665 1053 1698 solutior]
1084 1666 1236 1691 absolutior
1261 1675 1324 1691 corr.
1351 1669 1379 1689 ut
1406 1665 1518 1689 solutior
1544 1665 1574 1689 P.
1668 1665 1699 1688 13
1726 1663 1881 1688 cohibentia
1907 1671 1918 1686 e
1942 1671 2005 1687 corr.
2033 1662 2062 1686 P.

418 1717 449 1739 14
470 1712 652 1745 nihilominus]
673 1713 866 1738 nihilhominus
886 1712 918 1741 L',
939 1712 1064 1736 hominus
1085 1711 1114 1735 P.
1190 1708 1287 1741 errata]
1308 1711 1415 1734 herrata
1436 1709 1467 1733 B.
1543 1710 1574 1733 15
1594 1709 1742 1740 Agustinus
1761 1716 1823 1732 corr.
1844 1708 2011 1738 Augustinus
2032 1706 2063 1730 L.

418 1761 449 1784 1ss
477 1761 591 1784 oderunt
618 1759 649 1783 B.
741 1759 770 1782 ⁴21
803 1754 1016 1786 adulati‹1›11ibus]
1046 1756 1081 1779 ita
1106 1764 1134 1779 (κν
1161 1754 1363 1779 adad-‘itionibus
1392 1763 1453 1777 cvr-r.
1482 1753 1512 1777 R.
1534 1753 1564 1777 L.
1584 1753 1626 1781 JI,
1657 1751 1878 1776 adholationibus
1904 1751 1942 1780 B,
1972 1750 2063 1775 adola-

417 1805 537 1829 tionibus
560 1805 585 1828 C.
608 1803 637 1827 P.

528 1948 555 1977 1)
590 1947 638 1975 Cf.
664 1945 810 1973 Benedicti
834 1945 930 1981 reynla
955 1954 977 1971 c.
995 1945 1036 1972 :28
1068 1941 1099 1979 (l.
1125 1944 1142 1970 l.
1169 1954 1198 1979 p.
1217 1944 1253 1970 35
1266 1940 1338 1978 πμ).-
1370 1941 1398 1967 Si
1431 1942 1492 1976 quis
1523 1941 1611 1967 frater
1641 1941 1808 1974 frequenter
1838 1944 1983 1974 correptus
2013 1948 2062 1973 pro

418 2002 545 2037 qualibet
570 2001 662 2035 culpa,
688 2000 708 2025 si
736 2000 819 2025 ctiam
845 1998 1097 2024 exconnnunicatus
1122 2006 1176 2022 11011
1202 1995 1404 2024 emendaverit,
1434 1995 1523 2021 aerior
1547 1995 1572 2020 ei
1597 1994 1714 2020 accedat
1739 1993 1888 2027 correptio,
1912 1992 1939 2018 id
1965 1996 2007 2017 cst
2032 1995 2063 2017 ut

418 2056 565 2081 verberum
590 2054 731 2080 vindictae
757 2053 783 2078 in
810 2061 872 2078 eum
896 2051 1062 2085 procedant.
1101 2049 1207 2080 Quodsi
1232 2058 1283 2075 nec
1309 2049 1347 2074 ita
1370 2048 1520 2074 correxerit
1538 2051 1585 2073 ant
1603 2047 1687 2077 forte,
1713 2046 1787 2080 quod
1812 2046 1894 2073 absit,
1920 2046 1946 2071 in
1963 2054 2061 2079 super-

418 2109 490 2134 biam
517 2108 607 2134 elatus
633 2107 716 2133 ctiam
741 2105 897 2132 defendere
922 2104 1042 2129 volucrit
1066 2112 1151 2137 opera
1175 2112 1235 2135 sua,
1260 2106 1326 2127 tunc
1352 2101 1438 2127 abbas
1464 2101 1548 2126 faciat
1573 2100 1647 2134 quod
1668 2099 1780 2133 sapiens
1796 2099 1937 2124 medicus:
1966 2119 1971 2124 .
1991 2117 1998 2124 .
2017 2118 2023 2124 .
2041 2098 2063 2124 si

418 2162 519 2188 viderit
544 2160 611 2186 nihil
635 2169 712 2185 suam
737 2160 902 2193 praevalere
924 2157 1098 2185 industriam,
1124 2156 1257 2182 adhibeat
1275 2155 1370 2182 etiam,
1396 2154 1468 2188 quod
1486 2153 1572 2179 maius
1591 2157 1644 2181 est,
1670 2161 1746 2178 suam
1765 2156 1792 2178 et
1809 2152 1930 2178 omnium
1947 2151 2063 2177 fratrum

418 2224 467 2248 pro
500 2224 532 2241 eo
564 2213 728 2245 orationem,
760 2216 789 2237 ut
820 2211 954 2236 Dominus
981 2230 986 2236 .
1014 2230 1019 2236 .
1048 2230 1053 2235 .
1079 2213 1214 2244 operetur
1244 2208 1362 2234 salutem
1395 2207 1467 2233 circa
1498 2206 1634 2232 infirmum
1666 2206 1791 2231 fratrem.
1840 2204 1921 2231 Nihil
1947 2204 2002 2231 tale
2032 2204 2065 2230 cle

419 2266 546 2294 orations»
571 2265 706 2292 κιιιηιιιιιιιῐ
730 2264 829 2301 [cyllin-
853 2263 932 2299 apud
956 2262 1199 2298 Clzroslessanyum.
1309 2260 1338 2293 2)
1366 2259 1489 2286 Frustra
1513 2258 1646 2295 quaesivi.
1755 2258 1784 2291 3)
1817 2257 1881 2284 Non
1907 2256 2062 2293 explorari.

422 2320 451 2353 4)
487 2320 533 2353 (f.
567 2319 663 2355 sessula
689 2316 835 2344 Emeda—ti
867 2326 888 2343 c.
907 2317 943 2344 69
975 2313 1006 2351 (l.
1025 2316 1042 2342 l.
1063 2326 1095 2351 p.
1114 2316 1153 2343 66
1164 2312 1236 2350 sq.).·
1268 2313 1497 2341 Praeeavendum
1530 2316 1582 2341 est.
1615 2321 1650 2338 ne
1684 2312 1780 2346 quavis
1811 2311 1955 2337 occasione
1979 2319 2063 2345 prae-

421 2377 509 2399 sumat
536 2373 608 2398 alter
632 2372 713 2397 alium
740 2370 896 2397 defendere
921 2369 1084 2395 monachum
1110 2369 1136 2394 111
1160 2368 1329 2394 monasterio
1354 2370 1401 2393 aut
1422 2366 1501 2400 quasi
1518 2365 1602 2397 tueri,
1628 2365 1737 2391 etiamsi
1754 2365 1852 2398 quavis
1869 2363 2063 2397 consanguini-

419 2427 485 2452 tatis
510 2425 721 2460 propinquitate
754 2424 894 2455 iungatur.
942 2423 1002 2449 Nee
1028 2421 1153 2456 quolibet
1179 2421 1259 2447 modo
1284 2421 1311 2446 id
1336 2429 1352 2445 a
1375 2419 1515 2445 monachis
1540 2421 1744 2452 praesumatur,
1777 2418 1843 2451 qnia
1876 2417 1975 2443 exinde
2000 2425 2063 2449 gra-

419 2480 529 2504 vissima
553 2478 660 2504 occasio
685 2477 877 2502 scandalorum
902 2476 965 2501 oriri
990 2479 1095 2509 potest.
1135 2474 1241 2504 Quodsi
1267 2473 1327 2507 quis
1351 2473 1420 2498 hacc
1446 2476 1636 2506 transgressus
1660 2471 1754 2503 fuerit,
1780 2470 1870 2496 acrius
1887 2473 2063 2501 eoerceatnw,

422 2530 621 2567 Clerodeycmgsi
651 2530 747 2565 rcgsulc(
780 2539 802 2554 r.
823 2530 857 2556 13
887 2525 917 2563 §7—
936 2529 952 2554 l.
974 2538 1006 2564 l).
1023 2525 1070 2563 515:
1104 2527 1275 2553 Onmimodis
1307 2525 1461 2551 cavendnm
1496 2529 1548 2553 est.
1581 2528 1611 2550 ut
1635 2532 1685 2558 pro
1710 2524 1787 2550 nulla
1811 2523 1974 2549 occansione
1999 2530 2064 2556 pre-

421 2589 510 2611 sumat
542 2584 614 2610 111101·
645 2584 727 2609 alium
760 2582 916 2607 defendere
949 2590 1001 2607 nec
1033 2581 1111 2615 quasi
1143 2579 1294 2614 parentille
1320 2579 1439 2604 obtentu
1465 2582 1512 2603 aut
1537 2578 1631 2611 aliqua
1655 2577 1779 2603 amicicia
1803 2580 1850 2602 aut
1874 2575 2064 2601 familiaritate.

421 2639 466 2664 ide
492 2637 638 2673 (intulle'fflw
671 2637 697 2662 id
721 2636 747 2667 a)
773 2635 912 2661 canonicis
937 2638 1124 2669 presumatur,
1157 2633 1224 2667 quia
1247 2632 1338 2666 gravis
1370 2631 1496 2657 orm-ansis·
1521 2630 1713 2656 scandalorum
1738 2630 1764 2656 in
1789 2629 2006 2664 congregatione
2033 2637 2065 2654 ex

421 2701 452 2718 ac
471 2691 602 2717 1'=11a‹··1
629 2698 713 2715 eausa
737 2689 799 2715 oriri
825 2688 907 2713 solet.
945 2687 1026 2717 Quod
1047 2687 1067 2712 si
1093 2686 1155 2720 quis
1179 2685 1248 2711 hacc
1274 2689 1463 2717 transgressus
1488 2684 1583 2711 fuerit.
1609 2683 1701 2718 agrius
1725 2687 1897 2714 coerceatur,
1922 2685 1952 2707 ut
1977 2681 2065 2707 ceteri

421 2746 547 2770 timorem
573 2744 713 2770 habeant:
748 2751 770 2768 r.
798 2741 876 2767 friam
903 2740 966 2766 ibid.
992 2749 1029 2766 cc.
1048 2740 1093 2767 11.
1112 2740 1166 2771 16,-
1198 2739 1214 2764 Ι.
1233 2739 1249 2764 Ι.
1271 2739 1346 2774 [1..(1.
1367 2738 1411 2765 ΙΙ.

2074 705 2099 723 10

2078 969 2103 987 15

2078 1234 2105 1253 ¹20

2082 1579 2108 1597 25

2083 1800 2110 1819 30

2083 2157 2109 2175 35

2084 2422 2110 2439 40

2085 2685 2112 2704 115
