2242 3085
402 125 465 154 244
513 129 563 154 33.
590 127 806 154 CONCILIUM
823 127 1148 158 AQUISGRANENSE
1168 128 1203 154 A.
1223 126 1294 153 809.
1320 141 1351 145 »-
1377 126 1635 157 COLLOQUIUM
1652 127 1848 154 ROMANUM
1866 127 1900 157 A.
1921 128 1993 155 810.

402 221 534 251 Missi:
561 220 668 261 Ergo,
695 225 728 250 ut
752 219 858 256 video,
885 219 963 250 illud
987 231 1006 250 a
1030 225 1138 251 vestra
1162 220 1354 262 paternitate
1380 218 1572 258 decernitur,
1604 224 1639 250 ut
1664 219 1767 261 primo
1791 219 1879 259 illud,
1911 220 1951 251 de
1976 233 2038 263 quo

402 274 546 315 quaestio
578 274 694 315 agitur,
731 272 770 303 de
803 273 967 314 saepefato
999 272 1144 314 symbolo
1174 272 1302 303 tollatur
1333 277 1365 302 et
1394 277 1470 302 tune
1502 271 1630 302 demum
1661 283 1680 303 a
1711 271 1854 314 quolibet
1884 273 1970 304 licite
2001 286 2038 305 ac

401 325 511 365 libere,
537 327 604 356 sive
623 325 782 356 cantando
808 326 876 356 sive
901 325 1068 365 tradendo,
1095 325 1237 356 discatur
1262 330 1293 355 et
1317 324 1490 355 doeeatur⁷.
1526 325 1653 366 Papa:
1679 325 1739 355 ‘Ita
1762 325 1874 366 procul
1899 325 1995 357 dubio
2021 338 2039 358 a

401 384 509 410 nostra
533 384 621 420 parte
647 379 847 417 decernitur3
882 379 926 409 ita
950 390 1088 420 quoque,
1122 384 1155 409 ut
1179 390 1197 409 a
1222 383 1328 408 vostra
1352 378 1554 417 assentiatur,
1585 389 1604 408 a
1634 377 1726 408 nobis
1752 379 1942 409 omnimodis
1967 391 2038 410 sua-

402 432 513 463 detur'.
551 432 683 462 Missi:
710 432 924 473 ‘Quamquam
943 443 1029 473 ergo,
1055 437 1088 462 ut
1106 443 1202 473 supra
1222 432 1291 472 ipse
1317 430 1436 469 dixisti,
1461 442 1519 472 pro
1537 429 1703 461 ambarum
1720 431 1858 472 partium
1876 433 2040 473 quaeritur
2057 444 2069 463 5

401 485 501 515 salute
522 485 607 526 quod
633 485 808 526 quaeritur,
833 484 967 516 sublatis
988 485 1046 521 his,
1073 496 1155 526 quae
1173 484 1279 522 vultis,
1304 483 1423 514 bonum
1441 489 1490 514 est
1505 488 1540 514 ut
1555 483 1641 514 idem
1659 483 1839 525 symbolum
1856 490 2003 516 cantetur
2011 486 2036 516 ’θ’

400 538 532 579 Papa:
559 538 694 568 ‘Bonum
719 549 806 568 sane.
848 537 943 576 Quod
967 543 1153 568 tamennon
1179 536 1377 578 imperando⁷
1403 536 1460 567 sed
1484 542 1518 567 ut
1542 537 1630 578 prius
1654 537 1867 578 permittendo
1892 537 2037 577 dicimus,

401 591 476 632 quia
500 590 577 621 illud
603 591 695 621 sicuti
722 596 796 621 tunc
824 591 869 621 ita
893 596 924 621 et
948 602 1042 629 nunc,
1069 591 1094 620 si
1119 590 1243 620 sincere
1269 594 1392 631 agatur,
1417 589 1494 619 utile
1519 589 1738 631 indigentibus
1763 601 1833 621 esse
1857 602 1950 632 posse
1975 603 2039 622 non

401 643 606 684 ignoramus’.
655 643 789 674 Missi:
817 643 913 682 ‘Quia
937 655 1024 682 vero,
1050 649 1084 673 ut
1108 643 1214 673 dicitis
1238 662 1280 665 —
1305 647 1336 673 et
1359 653 1471 672 verum
1497 642 1602 677 dicitis
1626 662 1669 664 —
1691 642 1812 673 bonum
1836 648 1884 674 est
1908 649 2038 675 cantare

401 696 433 727 id
458 697 563 738 ipsum
588 696 778 738 symbolum,
812 697 967 738 numquid
992 707 1065 735 non,
1098 697 1124 726 si
1149 707 1252 726 sermo
1277 695 1390 737 plenus
1414 701 1503 726 recta
1526 695 1589 726 fide
1621 706 1637 726 e
1662 695 1767 726 medio
1791 696 1928 737 tollatur,
1953 697 2038 728 idem
2059 709 2083 727 10

401 761 504 780 sermo
530 749 570 780 ab
597 749 754 789 omnibus,
780 750 847 780 acsi
873 756 984 780 eontra
1007 749 1103 779 fidem
1129 750 1178 788 sit,
1204 747 1496 779 condemnabitur?
1533 748 1636 787 Quale
1657 760 1734 790 ergo
1752 748 1842 779 dabis
1861 749 2037 789 consilium,

400 814 439 833 ne
464 803 497 833 id
517 803 622 844 ipsum
643 803 683 833 ad
701 802 832 844 aliquod
850 808 991 833 trauseat
1015 803 1148 833 exitium
1158 802 1184 832 ‘?⁷
1220 803 1346 843 Papa:
1373 802 1428 841 ⁴Si,
1453 802 1641 843 priusquam
1665 802 1710 832 ita
1726 807 1918 839 cantaretur,
1943 803 2037 833 inter-

400 861 529 897 rogatus
555 867 669 895 essem,
702 867 742 886 ne
772 857 968 886 insereretur
991 856 1100 897 utique
1131 855 1379 897 respondissem.
1427 855 1469 885 At
1500 866 1595 894 nune,
1626 855 1711 897 quod
1734 860 1842 885 tamen
1866 867 1929 886 non
1954 856 2037 886 astir-

400 909 527 943 mando,
558 908 614 939 sed
639 908 805 939 vobiscum
830 909 951 950 pariter
975 908 1142 939 tractando
1166 908 1249 948 dico,
1275 913 1429 949 quantum
1453 908 1552 938 menti
1577 909 1725 948 occurrit,
1750 909 1794 938 ita
1818 908 1895 939 mihi
1912 908 2039 940 videtur

399 973 493 1003 posse
518 967 688 1004 utrumque
713 962 792 1001 fieri,
826 967 860 991 ut
888 961 1041 1003 paulatim
1067 962 1098 991 in
1123 961 1252 1003 palatio,
1285 962 1360 1002 quia
1390 962 1422 991 in
1448 966 1555 991 nostra
1578 966 1689 992 sancta
1714 961 1852 992 eeclesia
1876 972 1939 992 non
1964 974 2037 992 ean·
2060 973 2083 991 15

398 1020 493 1051 tatur,
519 1015 671 1045 cantandi
689 1014 888 1045 consuetudo
907 1014 1050 1045 eiusdem
1077 1013 1213 1056 symboli
1238 1015 1476 1054 intermittatur,
1502 1015 1612 1055 sicque
1628 1014 1693 1054 fiat,
1718 1020 1753 1045 ut
1770 1014 1855 1056 quod
1872 1014 1905 1045 id
1921 1015 2036 1057 ipsum,

398 1073 433 1098 ut
468 1073 660 1107 cantaretur,
697 1079 759 1098 non
796 1067 960 1109 quaelibet
995 1068 1183 1108 imperantis
1219 1067 1403 1106 auctoritas,
1440 1067 1497 1097 sed
1532 1068 1637 1108 potius
1666 1067 1819 1098 audiendi
1850 1068 1884 1098 id
1917 1068 2038 1099 fecerat

397 1121 534 1151 novitas.
584 1120 617 1151 Si
643 1120 820 1151 dimittatur
844 1132 862 1150 a
886 1119 988 1157 vobis,
1014 1120 1191 1151 dimittetur
1214 1119 1254 1150 ab
1280 1119 1444 1159 omnibus3
1477 1124 1508 1150 et
1530 1120 1576 1150 ita
1603 1120 1749 1160 fortasse,
1782 1126 1936 1162 quantum
1967 1132 2036 1152 esse

398 1179 511 1214 potest,
543 1185 606 1203 non
638 1174 813 1214 incongrue
846 1179 1015 1215 utrumque
1047 1173 1116 1203 fieri
1148 1174 1257 1214 possit⁷
1294 1178 1337 1213 ut,
1371 1173 1457 1214 quod
1487 1173 1550 1203 iam
1582 1184 1667 1203 nunc
1692 1185 1711 1204 a
1735 1173 1916 1215 quibusque
1947 1175 2035 1215 prius

398 1225 615 1256 nescientibus
640 1232 726 1256 recte
752 1226 903 1263 creditur,
936 1226 1087 1257 credatur
1112 1232 1142 1257 et
1173 1232 1279 1257 tamen
1305 1226 1417 1257 illicita
1441 1226 1592 1256 cantandi
1617 1226 1814 1257 consuetudo
1839 1227 1907 1257 sine
1932 1227 2035 1257 cuius-
2056 1238 2082 1256 20

398 1290 493 1320 quain
518 1279 593 1309 fidei
617 1279 757 1309 laesione
783 1279 931 1310 tollatur⁷.

506 1434 514 1455 1
539 1430 621 1463 Ergo]
642 1433 700 1463 Ego
725 1432 752 1456 lz'.
818 1433 930 1463 primum
955 1432 982 1455 E.
1048 1433 1062 1455 2
1083 1433 1239 1463 saepefacto
1262 1432 1314 1457 ῘἸ,
1330 1435 1352 1455 2.
1373 1432 1404 1455 E.
1471 1434 1484 1456 3
1506 1430 1647 1462 tradendo]
1668 1433 1782 1456 tacendo
1807 1432 1834 1456 li.
1899 1434 1915 1456 4
1935 1431 2034 1463 nostra]

389 1473 484 1500 *vestra
508 1477 558 1499 1'2.
644 1477 795 1500 omninwde
818 1477 846 1500 P.
933 1478 947 1499 ἵ)
969 1480 1138 1507 Quamquam
1159 1475 1232 1507 ergo]
1255 1477 1326 1506 Quia
1347 1477 1429 1507 igitur
1449 1477 1501 1499 1'1.
1517 1478 1540 1499 2.
1561 1476 1592 1500 E.
1678 1478 1692 1500 8
1713 1477 1783 1500 sicut
1804 1476 1836 1500 E.
1920 1478 1951 1501 10
1971 1474 2034 1508 nou]

396 1521 430 1544 ita
452 1521 502 1544 1⁷2.
527 1520 555 1545 E.
585 1522 653 1545 enim
681 1522 733 1544 rell.
825 1520 927 1544 tollitur
948 1521 970 1544 P
994 1528 1017 1550 (e
1035 1519 1117 1547 corn).
1140 1521 1191 1544 ῙἸ.
1207 1523 1228 1544 2.
1253 1520 1281 1543 Ε.
1375 1522 1403 1544 11
1430 1521 1645 1545 condennabitur
1666 1521 1716 1544 1⁷2.
1810 1522 1840 1545 13
1862 1518 2036 1551 insereretur]

396 1566 567 1589 misereretur
591 1565 617 1588 li.
677 1567 705 1588 14
728 1563 865 1596 quantum]
889 1573 958 1588 nunc
978 1565 1037 1588 add.
1059 1564 1089 1588 E.
1149 1565 1179 1588 16
1198 1568 1226 1588 ut
1246 1562 1328 1595 quod]
1346 1575 1374 1582 Ξ
1389 1565 1533 1596 praesertim
1552 1574 1614 1589 cum.
1677 1566 1703 1589 id
1722 1565 1786 1589 dees!
1808 1565 1837 1588 E.
1895 1566 1925 1589 18
1946 1566 2034 1589 dimit-
2055 1572 2080 1590 25

395 1609 458 1632 titur
474 1609 501 1632 Γ.
524 1609 574 1633 ΓΙ,
591 1612 613 1633 2.
629 1609 659 1634 Ε,
720 1610 868 1633 (limittatur
883 1609 911 1632 Ι).
932 1609 981 1632 ΙἸ.
996 1612 1017 1632 2.
1036 1609 1064 1632 [ι’.
1131 1610 1164 1632 20
1184 1606 1290 1638 illicita]
1308 1610 1409 1632 indicta
1424 1609 1455 1632 E.
1518 1608 1685 1641 cuiusquam]
1702 1610 1833 1640 cuiusque
1847 1609 1879 1633 B.
1895 1609 1924 1639 Γ,
1946 1610 2034 1633 cuius-

396 1661 508 1683 cuniqiu³
528 1654 589 1677 cuni.
612 1653 718 1681 Simsnu,
739 1654 754 1677 l.
769 1654 784 1677 l.
804 1654 835 1678 ῙῙ,
851 1656 902 1676 411)
921 1656 1018 1677 mim-²12
1093 1655 1122 1677 21
1145 1651 1263 1683 tollatur]
1288 1654 1426 1677 Hactenus
1447 1654 1547 1677 habent
1568 1658 1629 1678 acta
1648 1654 1706 1678 add.
1727 1654 1758 1678 B.
