2242 3085
218 703 246 722 01.
252 702 304 723 Luc.
310 702 378 726 10520.

401 118 464 147 392
817 120 868 146 39.
905 119 1121 147 CONCILIUM
1145 119 1470 152 AQUISGRANENSE
1494 121 1530 148 A.
1552 121 1625 148 816.

399 218 516 244 haberet
543 222 571 244 et
597 218 636 244 eis
661 218 731 252 ipse.
763 221 793 243 111
826 218 985 248 videbatur,
1018 218 1206 252 impenderet.
1255 218 1311 244 Sed
1341 227 1376 245 ne
1408 222 1525 253 propter
1554 219 1606 245 hoc
1638 219 1753 246 daretur
1783 219 1860 246 locus
1883 219 2039 247 hominibus

399 272 571 305 suspiciones
595 280 659 297 suas
684 271 848 297 rodentibus
881 274 909 297 et
934 274 1062 297 ventrem
1085 280 1140 297 non
1164 271 1356 306 implentibus,
1387 271 1438 297 hoc
1462 271 1569 306 placuit
1595 275 1623 298 et
1647 272 1712 298 mihi
1737 275 1766 299 et
1790 273 1852 307 ipsi,
1884 276 1915 299 ut
1945 273 1984 299 sic
2008 282 2038 300 se

399 324 436 350 illi
462 325 626 359 transigant,
651 324 729 358 quasi
754 324 807 349 iste
833 324 885 350 iam
911 325 945 349 de
970 324 1083 350 saeculo
1108 325 1218 351 exierit.
1254 324 1396 359 Numquid
1421 325 1503 355 enim,
1529 333 1591 351 cuin
1607 324 1708 351 obierit
1725 325 1796 360 ipse,
1821 325 1875 351 illis
1892 326 2038 360 dispensa-

398 382 476 403 turus
502 381 545 403 cst
569 377 697 411 aliquid?
733 377 834 403 Melius
860 381 913 408 cst,
939 381 969 402 ut
993 377 1109 403 videant
1133 377 1194 404 illos
1218 378 1291 404 bene
1316 380 1471 410 versantes,
1497 381 1616 411 regente
1633 378 1695 404 Deo
1719 378 1747 404 in
1772 378 1919 412 disciplina
1935 377 2038 405 Christi

398 430 435 456 sic
460 431 598 458 viventes,
630 434 660 456 ut
692 431 726 456 de
760 430 813 456 illis
846 430 1039 456 tantummodo
1063 431 1197 464 gaudeat,
1230 439 1284 457 non
1317 439 1411 457 eorum
1435 430 1652 456 necessitatibus
1676 434 1840 465 occupetur.
1886 431 2037 458 Pecuniam
2056 439 2070 458 5

397 492 450 508 non
475 483 572 515 habet,
604 492 686 517 quam
717 492 793 509 suam
825 483 918 509 dicere
950 483 1048 517 possit.
1096 483 1229 509 Habebat
1254 483 1455 510 xenodochium
1479 482 1695 516 aedificandum,
1727 485 1802 518 quod
1831 484 1912 510 modo
1935 485 2037 512 videtis

397 536 584 562 aedificatum.
621 536 681 570 Ego
699 536 736 562 illi
754 536 869 567 iniunxi,
895 544 947 570 ego
971 536 1053 568 iussi,
1079 536 1285 571 obtemperavit
1309 536 1373 562 mihi
1398 536 1580 563 libentissime
1606 540 1645 569 et,
1671 537 1743 563 sicut
1766 537 1880 570 videtis,
1904 541 2037 572 operatus

397 593 450 621 est,
477 590 612 624 quomodo
637 598 698 614 meo
723 589 796 615 iussu
822 589 905 615 etiam
930 588 1071 615 basilicam
1096 590 1131 615 ad
1155 593 1218 616 octo
1242 593 1379 624 martyres
1403 589 1560 621 fabricavit,
1586 589 1621 615 de
1646 589 1697 622 his,
1724 599 1796 624 quae
1821 599 1873 624 per
1893 599 1941 617 vos
1958 591 2037 617 Deus

397 643 492 669 donat.
529 642 629 677 Coepit
655 643 728 668 enim
753 643 788 670 de
813 642 943 677 pecunia,
970 651 1043 676 quae
1068 643 1135 668 data
1159 646 1219 669 erat
1238 642 1375 669 eeclesiae
1392 646 1509 677 propter
1524 643 1736 675 xenodochium,
1762 646 1869 669 etcum
1886 644 2036 678 coepisset,

396 700 427 722 ut
451 700 515 721 sunt
539 695 662 730 religiosi
686 696 882 722 desiderantes
913 704 1000 730 opera
1030 705 1080 722 sua
1114 696 1139 721 in
1168 695 1246 722 caelo
1278 696 1371 727 scribi,
1403 696 1581 729 adiuverunt,
1612 699 1695 730 prout
1726 696 1845 730 quisque
1876 696 1975 729 voluit,
2009 701 2037 723 et
2057 704 2082 722 10

396 749 551 775 fabricavit.
601 748 679 783 Opus
703 752 769 775 ante
793 749 888 775 oculos
912 749 1056 775 habemus.
1107 749 1203 774 Omnis
1227 749 1317 780 homo,
1345 749 1411 782 quid
1435 749 1539 775 factum
1564 749 1610 781 sit,
1636 749 1730 781 videt,
1756 749 1791 776 de
1816 750 1946 783 pecunia,
1971 751 2037 784 quia

396 812 449 828 non
475 803 570 833 habet,
594 802 658 828 mihi
684 802 797 834 credam
830 802 944 828 dentem
975 805 1155 836 conpescant,
1189 810 1224 828 ne
1249 802 1390 836 frangant.
1438 802 1553 828 Emerat
1584 803 1620 828 de
1645 802 1706 836 ipsa
1728 803 1849 837 pecunia
1872 803 2037 829 xenodochii

397 856 535 890 quandam
559 856 669 881 domum
692 855 720 881 in
745 854 881 885 Carraria,
915 863 996 889 quam
1027 855 1079 880 sibi
1111 855 1289 881 existimabat
1320 859 1437 889 propter
1467 854 1576 889 lapides
1607 855 1792 889 profuturam.
1840 854 1897 881 Sed
1927 856 2036 890 lapides

397 909 455 934 eius
479 910 576 935 domus
600 908 722 934 fabricae
747 908 898 934 necessarii
923 917 976 933 non
1001 907 1127 939 fuerunt,
1153 908 1281 942 quoniam
1306 907 1419 934 aliunde
1443 908 1545 942 provisi
1569 911 1644 935 sunt.
1692 908 1796 934 Domus
1822 917 1889 944 ergo
1912 909 1974 943 ipsa
1997 909 2036 935 sic

397 962 538 992 remansit,
569 962 733 996 pensionem
763 964 899 995 praestat,
931 961 982 987 sed
1008 961 1157 989 ecclesiae,
1188 969 1243 986 non
1267 961 1436 994 presbitero.
1484 960 1573 987 Nemo
1597 961 1715 995 amplius
1740 962 1830 988 dicat:
1863 961 1896 988 Iu
1927 962 2036 988 domum
2058 968 2081 987 ยน5

396 1015 556 1049 presbiteri,
588 1015 624 1040 ad
655 1015 765 1040 domum
789 1013 949 1047 presbiteri,
983 1016 1049 1039 ante
1082 1014 1192 1040 donnun
1222 1014 1383 1048 presbiteri.
1430 1013 1504 1040 Ecce
1529 1014 1577 1040 ubi
1602 1017 1645 1040 est
1669 1015 1765 1040 domus
1795 1015 1955 1049 presbiteri,
1989 1015 2036 1041 ubi

397 1073 439 1093 est
464 1069 560 1093 domus
585 1076 656 1095 mea,
683 1067 719 1092 ibi
746 1070 788 1091 cst
813 1067 909 1092 domus
933 1066 1095 1100 presbiteri.
1132 1066 1207 1092 Alibi
1232 1075 1287 1092 non
1311 1066 1398 1093 habet
1422 1067 1542 1099 domum,
1567 1067 1619 1093 sed
1643 1067 1812 1102 ubicumque
1828 1068 1915 1094 habet
1931 1069 2035 1095 Deum.

397 1120 472 1151 Quid
502 1120 619 1154 amplius
649 1119 804 1154 quaeritis?
851 1119 911 1145 Nisi
943 1120 1008 1153 quia
1038 1129 1081 1146 mc
1112 1119 1181 1145 illud
1212 1120 1323 1146 memini
1356 1120 1440 1146 etiam
1463 1120 1634 1154 promisisse,
1666 1123 1697 1146 ut
1728 1121 1763 1147 ad
1794 1130 1841 1147 vos
1869 1121 2034 1156 perferrem,

396 1174 462 1208 quid
488 1174 607 1207 egissem
631 1173 705 1198 inter
728 1173 807 1204 duos,
832 1172 947 1199 fratrem
972 1172 1106 1199 videlicet
1131 1176 1159 1198 ct
1185 1181 1316 1205 sororem,
1347 1172 1418 1199 tilios
1442 1172 1563 1199 Ianuarii
1593 1173 1754 1207 presbiteri,
1788 1174 1852 1208 quia
1879 1178 1938 1200 orta
1963 1175 2037 1201 inter

396 1226 456 1252 illos
480 1226 573 1253 fuerat
597 1226 786 1252 controversia
809 1226 981 1260 pecuniaria,
1006 1227 1057 1252 sed
1081 1229 1184 1259 tamen,
1210 1226 1281 1252 sicut
1305 1226 1379 1252 inter
1403 1226 1515 1258 fratres,
1541 1226 1626 1259 salva,
1659 1227 1721 1253 Deo
1745 1227 1876 1261 propitio,
1908 1227 2035 1254 caritate.
2056 1233 2082 1252 2o

396 1280 577 1306 I'romiseram
603 1288 668 1314 ergo
693 1279 790 1305 audire
815 1279 890 1305 inter
913 1279 986 1310 illos,
1011 1283 1042 1305 ut
1059 1280 1193 1313 quicquid
1219 1283 1294 1305 esset
1318 1279 1467 1305 iudicando
1490 1279 1608 1306 finirem.
1648 1280 1815 1306 Pal-averam
1837 1289 1880 1306 me
1906 1281 2036 1312 iudicem,

395 1334 455 1363 sed,
481 1336 632 1367 antequam
656 1333 816 1364 iudicarem,
849 1333 901 1367 ipsi
932 1333 1006 1358 unde
1039 1333 1211 1359 iudicaturus
1242 1332 1349 1359 fueram
1378 1332 1521 1359 finierunt.
1569 1332 1631 1359 Non
1654 1333 1747 1359 inveni
1772 1333 1847 1360 unde
1872 1334 2034 1365 iudicarem,

394 1387 444 1411 scd
468 1386 542 1412 unde
568 1388 698 1412 laetarer.
746 1385 964 1420 Adquieverunt
988 1386 1098 1412 omnino
1131 1386 1306 1412 concorditer
1336 1385 1474 1412 voluntati
1498 1394 1577 1412 meae
1603 1389 1631 1412 et
1656 1386 1768 1412 consilio
1792 1395 1864 1419 meo,
1896 1390 1927 1413 ut
1950 1396 2032 1421 pares

394 1442 489 1466 essent
514 1439 540 1465 in
561 1439 692 1473 pecunia.
720 1448 802 1473 quam
819 1439 934 1473 reliquit
959 1442 1042 1473 pater
1059 1448 1163 1467 eorum.
1190 1439 1310 1465 ecclesia
1325 1439 1518 1465 renuntiante.
1553 1439 1621 1465 Post
1637 1448 1792 1466 sermonem
1809 1448 1901 1466 meum
1917 1440 2036 1466 locuturi

394 1496 457 1518 sunt
482 1493 615 1519 homines.
648 1492 698 1518 sed
731 1495 759 1517 01
791 1492 938 1526 quodlibet
968 1492 1092 1518 homines
1123 1492 1283 1526 loquantur,
1316 1492 1522 1526 qualecumque
1553 1501 1620 1518 aura
1650 1492 1737 1518 flante
1768 1493 1940 1527 perducetur
1970 1494 2035 1519 inde
2055 1497 2081 1516 25

394 1546 499 1579 aliquid
524 1546 559 1571 1111
583 1554 664 1571 aures
689 1554 764 1570 meas
790 1548 828 1574 et,
855 1545 877 1570 si
902 1545 987 1571 fucrit
1011 1545 1079 1576 tale,
1112 1549 1143 1571 ut
1175 1546 1210 1571 sit
1234 1554 1283 1571 nos
1308 1546 1409 1572 iterum
1433 1554 1551 1572 necesse
1583 1555 1715 1580 purgare,
1746 1546 1924 1580 respondebo
1948 1547 2035 1573 male-

394 1599 472 1627 dicis,
504 1599 681 1632 respondebo
712 1598 929 1630 detractorilms,
963 1599 1141 1632 respondebo
1173 1598 1334 1631 incredulis,
1366 1607 1420 1625 non
1444 1599 1523 1625 nobis
1548 1599 1739 1627 credentibus,
1771 1600 1937 1634 praepositis
1969 1600 2036 1626 suis.

395 1651 594 1686 Respondebo.
620 1655 649 1677 ut
674 1655 782 1685 potero,
808 1652 881 1685 quod
906 1652 1040 1677 Dominus
1066 1652 1187 1678 dederit.
1235 1652 1351 1678 Interim
1375 1652 1455 1678 modo
1480 1661 1534 1678 non
1559 1655 1602 1679 est
1626 1661 1755 1685 necesse,
1783 1653 1849 1687 quia
1871 1653 1939 1679 nihil
1963 1653 2035 1679 forte

394 1705 495 1730 dicturi
519 1709 593 1730 sunt.
631 1704 685 1734 Qui
703 1713 751 1730 nos
772 1708 865 1730 amant
890 1704 979 1731 libere
1004 1706 1163 1739 gausloant3
1191 1705 1237 1739 qui
1261 1714 1310 1731 nos
1334 1706 1455 1731 oderunt
1480 1706 1566 1732 tacite
1592 1705 1738 1738 dolebunt,
1763 1709 1868 1739 tamen,
1888 1707 1910 1732 si
1926 1706 2035 1741 linguas

394 1758 581 1785 exercuerint.
615 1758 729 1784 audient
761 1759 822 1783 Deo
854 1758 974 1792 propitio
1004 1758 1146 1784 vobiscum
1177 1759 1387 1792 responsionem
1411 1768 1510 1791 meam,
1543 1767 1598 1785 non
1626 1759 1705 1785 litem
1728 1768 1827 1785 meam.
1875 1759 1938 1785 Non
1963 1760 2035 1786 enim
2055 1767 2080 1786 30

394 1811 517 1837 homines
541 1811 731 1837 nominaturus
755 1820 814 1836 sum
840 1815 868 1837 et
893 1811 1034 1837 dicturus:
1061 1811 1111 1837 Ille
1136 1811 1187 1837 hoc
1213 1812 1292 1843 dixit,
1318 1811 1364 1837 ille
1389 1812 1427 1837 sic
1452 1812 1584 1843 detraxit,
1609 1821 1671 1838 cum
1694 1812 1813 1838 fortasse
1839 1813 1922 1838 etiam
1939 1813 1974 1839 ad
1990 1822 2034 1839 me

394 1864 473 1891 falsa.
500 1865 565 1898 quia.
590 1868 618 1890 01.
642 1864 693 1890 hoc
718 1867 812 1898 potest
837 1864 907 1891 11011,
933 1864 1121 1898 perferantur.
1158 1865 1361 1891 Verumtamen
1379 1873 1572 1899 quaecumque
1590 1864 1700 1899 perlata
1716 1865 1831 1897 fuerint.
1857 1866 1879 1891 si
1903 1869 2033 1900 oportere

394 1918 544 1944 videbitur.
577 1917 675 1951 loquar
707 1917 771 1942 inde
803 1917 913 1942 caritati
945 1921 1067 1943 1-0511-110.
1116 1917 1192 1943 Ante
1224 1918 1317 1943 oculos
1342 1921 1450 1944 vestros
1474 1920 1535 1944 volo
1566 1919 1601 1944 sit
1632 1918 1690 1944 vita
1713 1921 1817 1945 nostra.
1865 1918 1938 1951 Seio,
1970 1919 2035 1953 quia

394 1974 566 2005 quaerentes
590 1970 732 1996 licentiam
756 1972 828 1996 male
854 1970 975 1995 faciendi
1001 1974 1139 2004 quaerunt
1172 1971 1224 1996 sibi
1256 1971 1384 2005 exempla
1415 1973 1486 1997 male
1518 1971 1671 1997 viventium
1703 1975 1732 1998 et
1762 1971 1863 1998 multos
1887 1971 2032 2003 infamant,

393 2028 423 2049 ut
449 2024 536 2049 socios
561 2024 701 2049 invenisse
727 2024 885 2049 videantur.
933 2023 1000 2049 Ideo
1026 2025 1100 2057 quod
1124 2027 1248 2049 nostrum
1273 2027 1326 2055 est,
1351 2024 1414 2058 plus
1439 2024 1505 2058 quid
1530 2024 1662 2050 faciamus
1687 2033 1741 2050 11011
1765 2024 1909 2050 habemus.
1957 2025 2031 2051 Ante
2053 2031 2078 2050 35

394 2081 501 2102 vestros
531 2076 625 2102 oculos
657 2086 766 2108 sumus,
798 2076 900 2102 nullius
932 2076 1037 2110 aliquid
1070 2076 1260 2102 desideramus
1292 2077 1342 2102 nisi
1375 2077 1448 2102 bona
1477 2086 1564 2111 opera
1594 2081 1697 2104 vestra.
1745 2077 1781 2103 Et
1813 2086 1861 2103 vos
1893 2078 2031 2107 exhortor,

393 2131 494 2155 fratres
519 2130 582 2158 mci,
615 2130 636 2155 si
669 2129 773 2163 aliquid
805 2129 888 2155 vultis
920 2129 1028 2155 clericis
1059 2129 1136 2161 dare,
1170 2130 1274 2158 sciatis,
1307 2131 1372 2165 quia
1402 2140 1456 2155 11011
1481 2131 1592 2156 debetis
1624 2131 1703 2164 quasi
1727 2131 1795 2157 vitia
1819 2139 1913 2157 eorum
1937 2131 2031 2158 fovere

392 2186 491 2209 contra
514 2192 567 2208 me.
610 2182 698 2208 0111110
724 2182 834 2210 offerte,
861 2182 934 2216 quod
959 2182 1055 2212 vultis,
1080 2182 1180 2209 offerte
1206 2183 1240 2209 de
1266 2182 1411 2209 voluntate
1436 2186 1540 2209 restra.
1588 2183 1669 2214 Quod
1693 2192 1836 2210 commune
1862 2184 1916 2210 erit
1939 2185 2031 2210 distriฮ

393 2236 496 2261 buetur
519 2236 681 2269 unicuique,
717 2236 786 2261 sicut
816 2235 917 2269 cuique
942 2244 1011 2269 opus
1037 2235 1099 2262 crit.
1148 2235 1347 2264 Gazofilaciuin
1371 2237 1530 2268 adtendite,
1556 2240 1584 2263 et
1608 2245 1703 2262 omncs
1728 2237 1902 2264 habebimus.
1943 2238 2032 2264 Valde

392 2298 435 2314 1110,
454 2288 590 2316 delectat,
615 2289 636 2314 si
655 2289 743 2322 ipsum
761 2289 845 2314 fucrit
862 2296 1018 2322 praesaepe
1036 2292 1169 2315 nostrum.
1191 2292 1221 2314 ut
1239 2298 1287 2315 nos
1304 2289 1387 2315 simus
1404 2289 1528 2316 iumenta
1545 2289 1609 2319 Dei,
1628 2298 1675 2315 vos
1692 2298 1760 2324 ager
1775 2290 1839 2316 Dei.
1876 2290 1965 2317 Nemo
1983 2291 2031 2317 det
2051 2298 2077 2316 40

500 2436 599 2459 exul.
629 2438 643 2459 2
665 2434 831 2465 rodentibus]
855 2437 1029 2468 prodentibus
1050 2436 1081 2459 ฮ.
1168 2438 1182 2460 3
1202 2437 1255 2460 iam
1276 2434 1318 2467 de]
1340 2436 1372 2460 de
1391 2437 1443 2460 iam
1464 2436 1496 2460 R.
1515 2436 1546 2462 L.
1632 2438 1646 2461 5
1667 2438 1779 2469 gaudiat
1799 2436 1829 2461 L.
1914 2439 1929 2462 6
1949 2446 2031 2463 xeno-

392 2478 530 2511 dochium]
550 2480 737 2504 sinodsmhiuin
759 2480 789 2503 B.
864 2478 947 2511 quod]
970 2488 1021 2511 quo
1043 2480 1073 2504 L.
1147 2482 1162 2504 S
1183 2481 1329 2512 marthyres
1350 2481 1380 2504 B.
1455 2482 1468 2503 9
1490 2478 1567 2512 quac]
1592 2482 1662 2512 quod
1683 2482 1714 2505 R.
1786 2482 1978 2507 senodochium
1999 2483 2030 2507 B.

395 2526 425 2548 12
445 2524 603 2548 senodochii
624 2524 654 2547 lt.
722 2526 751 2547 14
772 2522 890 2555 aliunde]
911 2525 1035 2548 habunde
1057 2524 1086 2548 L.
1150 2525 1207 2556 ipsa
1226 2525 1290 2548 deest
1309 2525 1341 2548 B.
1417 2526 1447 2548 13
1468 2523 1605 2556 quaeritis]
1626 2527 1733 2556 quaeris
1754 2526 1785 2550 B.
1847 2527 1978 2558 perferen]
1999 2527 2030 2550 B.

396 2570 425 2592 15ฮ
447 2566 575 2599 Ianuarii]
591 2568 625 2592 ila
640 2569 713 2599 Any..
729 2569 885 2592 lanuariani
899 2569 968 2592 codd.
983 2573 1016 2597 (r.
1030 2578 1144 2600 suprap.
1157 2571 1208 2593 3โธโธ
1222 2570 1237 2593 l.
1252 2571 1285 2592 419
1293 2572 1348 2600 sq).
1399 2566 1469 2600 quia]
1484 2570 1528 2600 qui
1542 2569 1574 2593 B.
1625 2567 1693 2600 orta]
1708 2570 1785 2594 horta
1799 2570 1830 2594 L.
1879 2571 1912 2594 20
1926 2574 2029 2595 contra-

392 2614 481 2637 versia
501 2613 532 2637 B.
609 2614 642 2636 24)
663 2613 802 2636 caritatem
823 2612 855 2636 J).
929 2614 958 2636 21
982 2613 1176 2637 Promisseram
1197 2613 1229 2637 B.
1303 2610 1340 2643 ut]
1363 2616 1388 2637 et
1408 2613 1439 2636 Ii'.
1459 2613 1490 2637 L.
1510 2613 1542 2637 B.
1616 2615 1648 2638 22
1668 2611 1724 2645 sed]
1745 2615 1768 2637 si
1787 2614 1818 2638 L.
1892 2616 1924 2639 25
1943 2615 2029 2646 quali-
2049 2619 2075 2638 45

392 2665 506 2688 eumque
526 2666 537 2681 e
556 2666 618 2681 corr.
641 2658 674 2681 M.
731 2655 804 2687 aura]
829 2664 875 2679 ura
899 2656 940 2678 (ฮ
957 2658 1079 2684 vesti-affl
1100 2657 1130 2680 L.
1194 2658 1226 2681 โ26
1247 2656 1357 2688 aliquod
1379 2657 1410 2681 B.
1465 2658 1497 2681 29
1519 2655 1642 2688 oderunt]
1663 2658 1795 2682 hoderunt
1814 2658 1846 2682 ฮ.
1902 2660 1935 2683 30
1955 2667 2029 2683 exer-

392 2700 505 2730 cuerint]
525 2701 561 2725 ita
582 2701 615 2726 M,
644 2702 796 2725 exemerint
822 2701 874 2724 rell.
967 2702 999 2725 34
1027 2700 1109 2725 multo
1130 2701 1162 2725 B.
1263 2702 1295 2725 35
1321 2699 1420 2731 socios]
1443 2702 1527 2725 sotius
1548 2702 1580 2725 B.
1678 2699 1727 2733 est]
1752 2703 1865 2727 fecimus
1884 2703 1944 2727 add.
1963 2703 2030 2735 Any.

393 2747 424 2767 :iti
446 2750 554 2769 exortos
575 2745 605 2769 Izโ.
703 2746 735 2769 37
763 2741 878 2776 debetis]
897 2745 1001 2769 habetis
1024 2744 1053 2769 L.
1149 2746 1181 2769 38
1205 2743 1300 2776 Omne]
1322 2746 1451 2769 Omnibus
1472 2746 1504 2770 ฮ.
1599 2747 1671 2778 quod
1692 2744 1781 2777 vultis]
1809 2747 1871 2778 quid
1892 2746 1973 2771 vultis
1994 2747 2029 2771 JI,

392 2791 425 2812 40
446 2792 535 2813 nostro
558 2790 588 2813 B.
663 2787 716 2819 det]
740 2789 786 2813 dat
806 2789 836 2813 ฮ.
