2242 3085
598 118 626 145 4.
665 118 880 146 CONCILIUM
905 119 1189 148 SUESSIONENSE
1214 122 1249 148 A.
1273 122 1345 149 744.
1753 120 1793 150 35

253 210 358 253 (ΗΠ).
396 211 550 242 Sinnliter
575 211 788 251 decrevimus,
815 217 849 243 ut
873 212 946 243 laici
972 212 1117 244 homines
1142 213 1276 255 legitimi
1302 216 1413 246 vivant
1439 222 1469 246 ct
1494 216 1629 247 diversis
1654 216 1790 247 fornica-

146 263 242 294 tionis
272 275 337 294 non
367 263 488 294 faciant
520 269 551 295 et
582 265 740 306 periurias
772 265 804 295 in
837 265 975 296 ecclesia
1006 277 1069 296 non
1102 267 1304 297 consentiant
1335 273 1365 298 et
1397 268 1484 299 falsis
1513 270 1702 300 testimoniis
1727 282 1791 300 non

147 315 256 347 (licant
287 321 318 347 et
349 316 487 348 ecclesia
515 317 579 348 Dei
611 318 643 348 in
674 318 760 348 omni
792 319 984 349 necessitate
1016 325 1217 349 conservent.
1266 320 1328 350 ΕΝ
1360 323 1579 363 unusquisque
1612 322 1790 364 presbyter,

147 370 202 410 qui
226 370 258 400 in
282 370 453 411 parrochia
478 375 535 410 est,
566 372 718 413 episcopo
744 370 919 402 oboediens
945 377 975 402 et
1000 372 1164 402 subiectus
1189 372 1229 402 sit
1255 378 1285 402 et
1309 384 1437 415 semper
1469 375 1498 404 in
1532 386 1632 405 caena
1658 376 1790 406 Domini

113 434 124 452 5
147 423 303 453 rationem
329 428 360 454 et
384 423 531 454 ordinem
555 425 725 455 ministerii
751 425 799 455 sui
824 425 976 466 episcopo
1002 425 1117 456 reddat
1141 430 1172 455 et
1197 426 1313 456 crisma
1340 432 1369 456 ct
1396 427 1464 457 oleo
1491 434 1577 469 petat
1595 435 1634 461 et,
1661 429 1790 470 quando

147 476 215 506 iure
241 477 395 507 canonico
422 477 593 518 episcopus
619 478 795 508 circumeat
820 478 990 519 parrochia
1016 479 1057 509 ad
1082 479 1337 510 confirmandum
1362 480 1524 521 populum,
1555 482 1698 523 episcopi
1723 483 1790 512 sive

146 527 255 559 abbati
281 529 349 560 sive
374 529 558 572 presbytcri
582 536 695 572 parata
720 531 783 561 sint
807 531 848 562 ad
873 532 1114 573 suscipiendum
1140 534 1292 574 episcopo
1318 534 1348 562 in
1367 533 1560 563 adiutorium
1579 536 1789 565 necessitatis.

252 591 319 632 (V).
357 591 399 622 Et
424 596 609 631 statuemus,
642 596 697 623 ut2
721 595 987 634 supervenientes
1017 595 1188 636 episcopus
1221 594 1271 625 vel
1297 594 1495 636 presbyteris
1528 595 1566 625 de
1593 596 1662 626 aliis
1689 598 1788 637 regio-

145 642 238 674 nibus
263 655 327 674 non
352 646 569 686 suscipiantur
593 646 625 676 in
651 646 826 677 ministerio
853 646 1021 686 ecclesiae,
1054 648 1113 677 nisi
1146 648 1234 689 prius
1266 648 1385 678 fuerint
1409 647 1535 689 probati
1561 648 1600 678 ab
1627 650 1788 691 episcopo.

98 708 122 727 ιο
143 697 233 727 cuius
258 698 430 738 parrochia
455 704 510 731 est.

255 760 339 799 (VI).
367 760 419 791 'Et
436 761 564 791 omnino
588 761 801 800 deerevinms,
828 765 882 792 iit-⁴
906 763 1126 804 unusquisque
1152 764 1323 804 episcopus
1349 764 1380 793 in
1406 774 1463 793 sua
1488 764 1658 805 parrochia
1675 765 1790 795 &silit-,i-

145 813 290 845 tudinem
307 813 435 853 habeat,
461 819 495 844 ut
518 814 655 856 populus
674 814 874 845 Christianus
900 826 1046 857 paganus
1072 827 1135 846 non
1160 816 1246 855 fiant,
1274 822 1304 847 ot
1329 827 1387 857 per
1412 827 1521 847 omnes
1547 817 1685 848 civitatis
1711 818 1787 859 legi-

143 868 237 898 timus
262 867 349 898 sorus
375 872 405 897 ct
430 878 596 898 mensuras
621 868 718 899 faciat
742 868 920 900 secundum
945 868 1167 900 habundantia
1191 870 1355 911 temporis.

248 929 352 971 (VII).
391 929 545 960 Similiter
569 931 809 969 constituemus,
840 937 874 961 ut
898 931 967 961 illas
993 932 1172 962 cruciculas
1183 934 1203 971 ⁴,
1234 943 1313 973 quas
1331 931 1527 963 Adlabertus
1545 944 1602 974 per
1618 933 1787 974 parrochia

96 994 121 1012 15
141 982 354 1024 plantaverat,
380 994 490 1013 omnes
514 984 588 1025 igne
614 989 853 1015 consumantur.

249 1044 367 1087 (VIII).
405 1045 558 1076 Similiter
582 1045 732 1084 diximus,
758 1049 814 1076 ut⁵
838 1058 942 1088 neque
969 1047 1104 1078 clericus
1129 1047 1297 1078 mulierem
1320 1059 1384 1077 non
1410 1047 1528 1078 habeat
1552 1049 1583 1078 in
1608 1048 1701 1079 domo
1719 1060 1786 1087 sua,

141 1099 196 1140 qui
221 1109 293 1129 cum
318 1098 370 1129 illo
396 1098 528 1138 habitet,
554 1099 613 1129 nisi
640 1105 775 1130 matrem
800 1105 854 1130 aut
879 1112 1021 1131 sororem
1046 1100 1098 1131 vel
1122 1106 1220 1142 nepta
1245 1112 1311 1132 sua.

248 1160 384 1202 (VIIII).
422 1160 576 1192 Similiter
608 1162 848 1201 constituemus,
882 1168 915 1193 ut
945 1162 1049 1193 nullus
1080 1163 1182 1193 laicus
1214 1163 1308 1194 homo
1332 1163 1405 1194 Deo
1438 1169 1563 1194 sacrata
1595 1163 1713 1194 femina
1746 1164 1786 1195 ad

141 1213 308 1244 mulierem
339 1225 403 1245 non
432 1213 551 1245 habeat
575 1226 633 1245 nec
659 1226 716 1245 sua
740 1221 924 1256 parentem3
957 1227 1016 1246 nec
1048 1217 1161 1247 marito
1194 1217 1356 1247 viventem
1389 1229 1445 1247 sua
1477 1217 1591 1247 mulier
1619 1217 1698 1248 alius
1723 1229 1787 1248 non

96 1278 122 1297 20
141 1267 292 1309 accipiat,
323 1278 383 1298 nec
415 1267 529 1298 mulier
560 1268 689 1298 vivente
721 1280 778 1299 suo
809 1269 878 1298 viro
911 1269 1007 1300 alium
1039 1270 1188 1311 accipiat,
1221 1270 1297 1311 quia
1327 1270 1460 1301 maritus
1484 1270 1617 1301 muliere
1643 1282 1700 1301 sua
1724 1282 1786 1301 non

141 1320 238 1351 debet
262 1320 432 1361 dimittere,
459 1326 596 1363 excepto
622 1332 720 1352 causa
744 1322 965 1352 fornicationis
991 1322 1202 1364 deprehensa.

248 1492 316 1515 IIII.
349 1494 359 1516 1
383 1493 550 1516 decernimus
571 1492 595 1516 Ρ
608 1496 629 1516 1.
646 1495 669 1517 2.
747 1492 865 1524 legitima¹
887 1493 911 1516 P
924 1496 945 1518 1,
960 1494 987 1521 (2
998 1491 1026 1520 2³).
1104 1494 1225 1517 diversas
1247 1494 1439 1518 fornicationes
1463 1494 1487 1517 P
1500 1497 1521 1517 1,
1538 1496 1561 1519 2.
1638 1496 1652 1518 2
1672 1496 1787 1519 fornica-

141 1533 231 1567 tionis]
252 1536 412 1561 formationis
431 1537 455 1560 1⁷.
511 1538 629 1569 periuria
650 1537 705 1561 Pl.
718 1539 741 1561 2.
797 1536 863 1561 falsa
884 1538 1040 1561 testimonia
1055 1537 1111 1561 ΡΙ.
1127 1540 1149 1561 2.
1206 1540 1219 1561 3
1242 1538 1385 1562 ecclesiam
1401 1539 1424 1562 Ι)
1435 1542 1455 1564 l⁴
1473 1540 1494 1562 2.
1551 1538 1567 1563 5
1587 1539 1671 1563 oleum
1696 1529 1750 1563 Pil.
1766 1542 1787 1563 2.

143 1582 157 1604 6
179 1579 335 1611 circumeat]
364 1582 460 1605 circuit
481 1581 539 1606 1³2.
613 1582 783 1613 parrochiam
804 1581 828 1605 P
842 1584 864 1607 1.
894 1583 1064 1606 barrochiam
1085 1582 1109 1606 P
1122 1584 1144 1606 2.
1223 1584 1341 1614 episcopi
1369 1585 1425 1607 sive
1451 1584 1540 1607 desunt
1560 1584 1584 1607 P
1597 1587 1618 1607 1.
1635 1586 1657 1611 2,
1682 1585 1789 1615 fortas-sc

97 1631 122 1650 25
141 1629 210 1654 recte,
232 1630 257 1649 ut
276 1629 354 1649 censet
372 1625 496 1650 Boretius.
587 1627 600 1650 ’ἶ
622 1627 734 1650 abbates
755 1626 779 1650 P
792 1629 814 1650 1.
836 1628 857 1650 2.
956 1624 1023 1657 sive]
1047 1626 1088 1651 vel
1112 1627 1169 1651 P1.
1256 1629 1311 1651 sive
1332 1629 1481 1659 presbyteri
1502 1641 1535 1644 ψ
1556 1630 1699 1661 episcopus
1719 1627 1746 1657 (l.
1761 1630 1789 1656 1⁸4)

141 1670 230 1694 (lemma
250 1670 274 1694 P
286 1671 308 1694 2.
383 1671 469 1702 parati
490 1670 514 1694 P
526 1674 548 1694 ].
624 1672 780 1703 episcopum
801 1671 825 1695 P
838 1674 860 1695 1.

248 1723 279 1748 V.
301 1724 315 1747 8
331 1725 453 1755 episcopi
467 1723 510 1748 vel
526 1725 677 1756 presbyteri
691 1724 748 1748 Pl.
798 1725 941 1756 presbiteri
956 1724 1011 1748 1²2.
1066 1726 1081 1748 9
1097 1723 1288 1757 suscipiantur]
1305 1726 1405 1757 suscipi
1422 1726 1446 1749 Γ,
1504 1727 1682 1750 ministerium
1699 1727 1754 1750 ΡΙ.
1767 1729 1789 1751 2.

249 1777 295 1802 VI.
327 1778 358 1801 12
378 1785 498 1809 paganus
518 1791 552 1794 —
571 1775 647 1809 fiant]
669 1779 855 1810 paganismum
875 1786 929 1802 non
949 1778 1032 1802 faciat
1052 1778 1110 1802 P1.
1127 1780 1149 1802 2.
1227 1780 1350 1803 civitates
1373 1779 1396 1802 P
1409 1782 1431 1802 1.
1447 1781 1469 1803 2.
1549 1781 1579 1803 13
1600 1789 1723 1804 mensura
1744 1780 1789 1804 fiat

143 1821 289 1846 secundum
309 1821 520 1846 habundantiam
542 1822 565 1846 P
578 1825 600 1845 1.
616 1824 639 1847 2.

99 1879 125 1898 ³0
249 1875 313 1899 VII.
344 1877 375 1898 14
396 1876 583 1899 constituimus
605 1875 629 1899 1¹
642 1878 663 1899 1.
680 1877 701 1899 2.
776 1875 837 1899 illas
865 1873 1025 1906 cruciculas]
1050 1876 1083 1899 ita
1105 1876 1163 1905 P2,
1193 1876 1253 1900 illas
1275 1877 1400 1901 crucilias
1422 1878 1446 1905 Γ,
1476 1877 1537 1901 illae
1559 1877 1712 1902 cruciculae
1731 1878 1755 1901 P
1768 1880 1789 1902 1.

144 1919 312 1950 parrochiam
333 1919 358 1943 P
370 1922 391 1942 1.
408 1921 430 1943 2,

250 1972 329 1998 VIII.
362 1974 391 1996 16
412 1981 466 1997 non
486 1971 592 2004 habeat]
612 1973 646 1997 ita
668 1973 693 2003 V,
714 1974 812 1997 habeat
833 1974 857 1997 P
870 1976 891 1997 1,
908 1976 930 1997 2.
1008 1975 1036 1998 17
1058 1978 1164 2005 neptem
1185 1982 1260 1998 suam
1281 1975 1305 1998 P
1318 1978 1340 1998 1.
1356 1977 1379 2000 2.

251 2026 346 2049 VIIII.
379 2027 409 2050 18
431 2027 620 2050 constituimus
642 2026 738 2050 1)].2.
838 2030 970 2051 sacratam
991 2027 1116 2051 feminam
1138 2027 1196 2051 Pl.
1212 2029 1234 2051 2.
1333 2028 1366 2052 ad
1388 2028 1524 2052 mulierem
1546 2038 1599 2053 non
1620 2029 1717 2053 habeat
1739 2038 1787 2054 nec

146 2078 195 2094 sua
215 2068 361 2101 parentem]
383 2071 416 2094 ad
437 2070 575 2095 mulierem
595 2071 694 2095 habeat
714 2079 763 2095 nec
785 2079 859 2095 suam
880 2074 1017 2103 parentem
1039 2071 1063 2095 P
1079 2074 1097 2094 1.
1114 2074 1136 2094 2.
1230 2073 1260 2096 19
1282 2081 1330 2096 nec
1353 2074 1448 2096 marito
1470 2074 1605 2097 viventem
1626 2082 1673 2098 sua
1694 2074 1790 2098 mulier

100 2119 125 2138 35
146 2114 214 2138 alius
234 2122 288 2138 nou
308 2113 434 2147 accipiat}
462 2123 512 2139 nec
538 2116 634 2139 marito
662 2116 768 2139 vivente
795 2123 869 2139 suam
898 2115 1035 2140 mulierem
1063 2116 1130 2140 alius
1151 2124 1205 2140 non
1226 2117 1303 2145 (deest
1325 2117 1347 2140 P
1360 2118 1386 2143 2)
1407 2119 1524 2149 accipiat
1544 2118 1603 2141 ΡΙ.
1620 2120 1642 2147 2,
1668 2119 1788 2150 iutelliye:

146 2166 195 2183 nec
210 2159 318 2183 maritus
333 2160 442 2183 vivente
456 2167 504 2183 sua
518 2159 628 2184 muliere
646 2159 728 2183 aliam
748 2168 802 2183 non
823 2158 946 2192 accipiat,
968 2160 1090 2186 Herelius,
1150 2162 1183 2185 20
1203 2170 1252 2185 nec
1268 2161 1364 2185 mulier
1377 2175 1411 2177 —
1426 2162 1506 2186 alium
1521 2164 1638 2194 accipiat
1654 2163 1743 2187 desunt
1763 2164 1788 2188 Γ.

147 2203 283 2228 mulierem
305 2211 379 2228 suam
399 2203 458 2227 ΡΙ.
474 2206 497 2227 2.
572 2205 601 2228 21
624 2207 735 2235 excepta
757 2204 816 2228 ΡΙ.

255 2361 283 2402 1)
310 2364 356 2399 Cf.
384 2374 458 2392 conc.
487 2363 582 2393 Germ.
609 2366 668 2395 742
693 2375 714 2392 c.
741 2368 774 2399 3;
797 2375 887 2402 supra
905 2376 936 2402 p.
956 2368 982 2393 3.
1084 2361 1113 2404 2)
1141 2365 1188 2401 Cf.
1214 2367 1276 2394 ibid.
1304 2377 1325 2393 c.
1344 2369 1379 2400 L·
1403 2377 1491 2404 snpra
1513 2378 1542 2404 p.
1563 2371 1588 2395 3.
1684 2364 1712 2403 3)
1740 2370 1787 2403 Qf.

146 2417 208 2445 ibid.
229 2428 250 2445 c.
269 2419 288 2446 5
293 2429 302 2451 ;
326 2427 414 2454 supra
429 2428 460 2455 p.
480 2421 506 2447 3.
580 2414 608 2456 4)
631 2418 792 2446 Zacharias
809 2419 835 2446 in
855 2419 969 2455 epistola
986 2429 1074 2455 supra
1092 2416 1135 2456 (p.
1155 2420 1192 2448 34
1208 2430 1276 2447 ann.
1295 2419 1328 2455 3)
1354 2421 1471 2448 laudata
1497 2421 1561 2448 dicit
1578 2422 1610 2448 de
1626 2422 1787 2448 Aldeherto:

100 2477 126 2496 40
148 2492 153 2497 .
182 2492 187 2497 .
215 2492 220 2497 .
247 2480 344 2498 cruces
368 2474 496 2498 statuens
520 2473 548 2498 in
572 2473 674 2506 campis
700 2476 729 2499 et
753 2472 910 2505 oratoriola,
941 2473 996 2498 illic
1020 2473 1152 2507 populum
1177 2474 1349 2507 seducebat,
1376 2474 1536 2509 relinquens
1561 2475 1711 2501 aecclesias
1736 2484 1787 2510 pu-

145 2524 244 2557 blicas,
269 2533 436 2551 concurrens
461 2525 495 2551 ad
521 2525 568 2551 illa
591 2526 680 2560 signa,
706 2534 777 2560 quae
803 2526 837 2552 ab
863 2534 895 2552 eo
920 2525 990 2552 false
1007 2525 1124 2559 fiebant,
1151 2531 1175 2553 et
1191 2526 1336 2561 Bonifatii
1352 2527 1466 2563 epistula
1483 2528 1511 2555 sn
1529 2528 1642 2555 concilio
1660 2528 1788 2554 Romanu

145 2587 172 2604 a.
191 2578 258 2606 745.
277 2578 379 2605 relecta
397 2574 438 2614 (v.
458 2578 541 2613 infra
553 2588 584 2615 p.
604 2575 656 2615 39)
682 2583 801 2606 narrat:
829 2599 834 2604 .
855 2599 860 2605 .
881 2600 886 2604 .
905 2579 973 2605 fecit
990 2579 1142 2606 cruciculas
1168 2584 1195 2606 et
1220 2581 1378 2607 oratoriolia
1402 2581 1429 2606 in
1454 2582 1557 2615 campis
1583 2585 1611 2607 ct
1635 2582 1669 2607 ad
1695 2582 1787 2607 fomes

145 2630 191 2657 vel
216 2631 383 2666 ubicumque
407 2632 460 2658 sibi
483 2632 571 2658 visum
595 2631 648 2658 fuit
673 2635 703 2659 et
726 2633 806 2658 iussit
830 2632 867 2658 ibi
892 2632 1018 2666 publicas
1043 2633 1183 2659 orationes
1201 2633 1356 2665 celebrare,
1382 2634 1470 2660 donec
1487 2634 1681 2661 multitudines
1697 2643 1784 2668 popu-

144 2683 244 2716 lorum,
275 2685 377 2719 spretis
409 2685 511 2712 ceteris
543 2685 681 2720 episcopis
707 2689 735 2712 ct
760 2686 878 2711 dimissis
903 2686 1026 2720 antiquis
1057 2686 1210 2719 aecclesiis,
1244 2687 1270 2712 in
1295 2687 1397 2713 talibus
1427 2687 1494 2713 locis
1526 2691 1679 2713 conventus
1710 2687 1785 2713 ccle-

100 2743 126 2762 45
146 2737 266 2764 brabant
297 2738 442 2764 dieentes:
475 2738 578 2765 Merita
608 2739 696 2765 sancti
729 2738 879 2765 Aldebcrti
910 2739 1083 2765 adiuvabunt
1107 2748 1166 2765 nos.
1264 2734 1293 2777 5)
1321 2739 1367 2773 Qf.
1397 2738 1478 2767 Cone.
1507 2739 1601 2767 Get-211.
1629 2741 1687 2767 742
1712 2751 1732 2765 r.
1753 2741 1785 2769 7,-

145 2799 233 2826 supra
252 2800 283 2826 p.
301 2791 329 2818 4.

1544 2849 1572 2859 .»¹<

1543 2859 1567 2875 .¹)⁴
