2242 3085
279 1289 307 1308 cf.
316 1288 394 1307 Matth.

299 1315 331 1336 18.
341 1315 374 1332 20.

285 1509 353 1532 1a.26,
364 1508 395 1527 12.

251 1830 356 1854 1.Cor.3,
366 1832 398 1851 11.

281 2043 345 2063 Cum,
353 2043 373 2067 2,
380 2044 399 2063 ⁴.

289 2096 398 2120 1s‚54,11.

406 133 467 163 180
804 136 856 164 21.
894 132 1109 161 CONCILIUM
1135 132 1422 159 FOROIULIENSE
1447 132 1482 158 A.
1506 127 1659 169 796s'797.

404 228 543 259 falcibus
575 227 766 259 detruncata
797 232 1010 265 marcescant,
1047 230 1203 267 quatenus
1235 226 1342 267 sepius
1374 235 1509 255 censure
1544 224 1729 265 magisterio
1765 223 1906 265 nequitie
1938 224 2049 254 recisis

405 280 596 312 ranmsculis
616 281 686 322 ipsa
704 280 897 322 quandoque
915 279 1060 310 radicum
1078 279 1238 318 materies,
1263 278 1381 309 veneni
1398 277 1559 308 infusione
1576 277 1699 316 vitiata,
1724 276 1867 307 funditus
1885 275 2048 307 evellatur.

408 333 472 365 Sed
498 332 718 374 quamobrem,
750 334 841 364 iuxta
872 333 958 374 quod
983 332 1155 362 diffinitum
1181 336 1238 371 est,
1269 331 1303 361 in
1327 330 1387 361 hac
1411 329 1599 361 veneranda
1622 328 1709 368 sede,
1741 329 1791 360 cui
1815 328 1888 360 Deo
1919 333 2050 359 auctore

405 398 469 417 non
501 386 580 416 meis
612 387 744 426 meritis,
782 386 839 417 sed
870 386 1009 427 gratuito
1042 396 1092 415 me
1124 395 1274 426 praeesse
1305 394 1437 414 munere
1468 393 1676 424 recognosco,
1708 392 1766 423 per
1796 386 1842 412 tot
1871 387 2051 423 temporum

407 438 568 470 curricula
600 439 729 469 minime
762 439 802 469 sit
832 438 1003 469 reverendi
1035 437 1162 468 concilii
1201 437 1300 467 sessio
1333 435 1506 473 celebrata,
1536 440 1678 466 vestram
1717 434 1799 465 scire
1830 446 1894 465 non
1921 433 2050 475 ambigo

408 492 657 522 sincerissimam
694 492 871 522 caritatem.
925 491 1009 522 Nam
1045 494 1175 532 propter
1210 488 1377 530 inprobos,
1415 489 1469 530 qui
1505 487 1608 519 solent
1642 488 1837 528 inrumpere,
1872 487 2050 517 mundanos

408 544 561 575 tumultus
586 549 781 586 propterque
808 544 998 575 inminentia
1022 542 1215 585 proeliorum
1240 541 1335 581 bella,
1361 553 1444 583 quae
1470 542 1722 582 circumquaque
1746 551 1804 582 per
1820 540 1922 581 girum
1941 540 2051 571 finium

408 603 588 628 nostrorum
614 597 762 628 frementi
788 597 954 628 ferocitate
979 597 1129 637 ingruere
1154 606 1218 625 non
1243 593 1424 633 cessabant,
1449 594 1666 625 intermissum
1690 593 1818 623 interim
1843 592 1904 623 hoc
1928 593 2051 634 magni-

408 650 505 681 ficum
530 662 608 691 opus
633 650 745 691 procul
770 649 867 681 dubio
892 650 1010 692 poterit
1034 647 1219 689 adprobari.
1255 647 1487 677 Verumtamen
1510 657 1575 677 non
1591 647 1719 687 penitus
1736 646 1953 676 intermissum
1969 646 2051 676 veri-

410 703 490 733 dicis
516 702 637 746 valebit
660 702 898 733 adsertionibus
923 701 1095 733 aestimari.
1144 700 1226 731 Nam
1251 700 1409 741 quotienS,
1434 698 1622 730 reverendis
1647 697 1879 740 principalibus
1903 698 2051 729 accersiti

410 756 563 797 imperiiS,
596 756 627 786 in
656 755 799 797 generali
832 754 1061 786 celeberrimae
1087 753 1203 795 synodi
1227 752 1462 783 venerabilium
1486 757 1613 794 patrum
1638 752 1851 782 conventione
1876 751 2053 782 humillima

410 809 578 850 parvitatis
603 820 693 839 meae
718 809 911 850 praesentia,
938 807 1013 849 quia
1038 807 1146 848 sepius
1172 806 1315 847 contigit,
1341 805 1490 842 adfuerit,
1515 805 1631 835 vestris
1656 810 1704 835 est
1728 805 1852 844 animis,
1878 809 1912 835 ut
1929 805 2051 846 opinor,

410 873 474 893 11011
506 861 654 896 celatum,
686 862 866 902 vestrisque
904 862 1000 890 etiam
1036 858 1199 890 obtutibus
1235 858 1405 900 aliquoties
1441 858 1536 889 latius
1571 858 1714 899 patuisse
1746 858 1778 888 in
1809 862 1959 899 promptu
1989 868 2051 888 11011

411 915 532 946 dubito.
580 915 673 945 Nunc
699 920 805 945 autem
831 914 941 944 divina
966 912 1143 954 opitulante
1169 911 1350 950 clementia,
1380 911 1504 942 adtritis
1528 911 1637 952 utique
1662 911 1817 941 ferocium
1841 909 2052 941 barbarorum

411 967 583 1009 superbiae
607 967 705 1009 typho
732 967 846 997 erectis
872 965 1065 1003 cervicibus,
1097 965 1216 995 auxilio
1242 975 1300 1006 per
1323 965 1430 995 omnia
1454 963 1705 994 adminiculante
1731 963 1770 994 de
1796 963 1895 1002 caelo,
1928 963 2054 994 reddita

410 1022 475 1051 iam
501 1021 701 1062 quietissima
725 1031 804 1061 pace
829 1019 933 1058 terris,
959 1029 1100 1060 superna
1124 1029 1254 1059 prorsus
1278 1017 1435 1059 largiente
1452 1017 1557 1058 gratia
1573 1016 1803 1058 paululumque
1820 1015 2053 1058 respirantibus

412 1073 575 1115 regalibus
600 1074 693 1103 iussis
718 1073 936 1103 necessarium
963 1071 1114 1102 duximus
1135 1081 1338 1112 summopere
1356 1070 1545 1100 festinantes
1563 1069 1804 1100 dilectissimam
1820 1069 2052 1100 fraternitatem

412 1132 552 1157 vestram
584 1127 673 1156 iuxta
704 1126 882 1167 priscorum
915 1136 1072 1155 canonum
1105 1123 1307 1154 inviolabiles
1339 1123 1528 1154 sancciones
1560 1123 1592 1152 iu
1623 1133 1685 1152 uno
1711 1122 1846 1163 collegio
1871 1122 2053 1163 adgregari,

414 1185 571 1221 quatenus
608 1178 769 1209 insolubili
805 1179 947 1209 caritatis
982 1177 1112 1208 vinculo
1149 1176 1312 1218 conligati,
1349 1175 1538 1217 subpliciter
1574 1186 1644 1206 eum
1682 1180 1862 1211 exorantes,
1900 1175 1954 1216 qui
1990 1175 2054 1205 suis

414 1233 585 1274 dignanter
609 1243 678 1262 sese
703 1231 852 1262 fidelibus
877 1231 1060 1273 repromisit
1090 1230 1122 1260 111
1148 1230 1253 1260 medio
1279 1229 1474 1268 adfuturum,
1506 1228 1561 1259 ubi
1592 1229 1625 1258 in
1649 1240 1748 1258 unum
1773 1227 1835 1258 duo
1860 1227 1912 1258 vel
1935 1233 1999 1258 tres
2023 1228 2054 1258 in

414 1287 481 1316 eius
499 1285 617 1316 fuerint
640 1285 768 1315 nomine
788 1285 985 1326 congregati,
1011 1302 1053 1306 —
1078 1284 1188 1324 sicque
1213 1282 1272 1313 sub
1291 1283 1359 1313 eius
1383 1282 1577 1323 praesentia,
1602 1281 1679 1312 licet
1702 1281 1837 1322 indigui,
1863 1281 1931 1311 eius
1947 1285 2055 1311 tamen

413 1338 523 1369 famuli
548 1339 711 1368 constituti
735 1358 777 1360 —
802 1338 994 1379 incipiamus
1019 1337 1083 1367 iam
1108 1336 1235 1377 iamque
1260 1336 1330 1377 ipso
1351 1340 1482 1365 auctore
1503 1340 1534 1365 et
1551 1339 1806 1365 consummatore
1830 1334 1931 1364 nostri
1955 1338 2056 1364 certa-

413 1392 508 1422 minis
545 1397 576 1422 et
612 1391 791 1433 perfectore
828 1401 959 1432 operum
996 1394 1177 1419 nostrorum
1202 1408 1243 1410 —
1275 1389 1351 1430 quin
1387 1389 1492 1429 potius
1528 1398 1656 1418 suorum
1692 1388 1795 1428 magis
1824 1386 1930 1417 dicam
1961 1398 2055 1428 quam

414 1450 593 1476 nostrorum
626 1456 757 1486 operum
790 1443 980 1485 perfectore,
1013 1443 1089 1484 quia
1117 1442 1225 1472 omnia
1253 1442 1321 1472 eius
1353 1446 1426 1471 sunt
1450 1446 1481 1471 et
1506 1440 1545 1471 de
1577 1440 1660 1471 illius
1685 1445 1801 1471 cuncta
1829 1441 1928 1481 gratis
1959 1440 2056 1470 susci-

414 1499 519 1539 pimus
550 1509 665 1528 manu:
698 1498 853 1538 scriptum
886 1497 1005 1538 quippe
1038 1501 1102 1525 est:
1139 1496 1251 1526 (hanla
1284 1507 1378 1537 opera
1411 1501 1513 1525 nostra
1546 1501 1689 1536 operatus
1720 1500 1763 1524 est
1798 1495 1895 1531 nohis,
1921 1512 1964 1515 ——
1988 1492 2056 1523 dili-
2077 1508 2088 1523 κ

414 1552 500 1592 genti
527 1550 671 1592 profecto
698 1551 866 1591 exigentes
892 1560 979 1587 cura,
1012 1549 1036 1578 si
1063 1560 1126 1590 qua
1151 1553 1224 1578 sunt
1248 1548 1338 1578 irrita
1363 1553 1394 1577 et
1418 1547 1540 1577 enormi
1565 1547 1702 1577 statione
1727 1546 1942 1588 persistentia,
1975 1556 2057 1587 quae

415 1605 515 1635 sacris
541 1609 686 1645 oporteat
716 1603 861 1633 valenter
892 1602 1017 1644 legibus
1043 1602 1195 1637 coerceri,
1228 1601 1402 1642 praeterita
1427 1600 1598 1641 corrigere,
1630 1599 1813 1641 praesentia
1844 1598 2057 1629 suffiilciendo

416 1662 613 1691 construere,
639 1657 745 1687 futura
769 1655 995 1698 praecavendo
1019 1656 1133 1685 vitare.
1971 1654 1973 1657 '

524 1709 588 1741 Sed
614 1711 765 1751 quoniam
791 1709 831 1740 ad
856 1709 949 1739 huius
974 1708 1127 1750 spiritalis
1152 1707 1291 1738 aedificii
1316 1707 1472 1737 fabricam
1491 1705 1738 1737 construendam
1761 1705 1970 1736 fundamenta
1987 1711 2059 1735 sunt

416 1764 554 1805 primum
579 1763 654 1793 tidci
679 1763 905 1793 nichilominus
930 1761 1119 1803 profundius
1145 1760 1303 1796 iacienda,
1336 1771 1432 1801 super
1463 1759 1540 1789 illud
1569 1758 1721 1789 videlicet
1744 1757 1921 1789 inflexibile
1945 1757 2058 1788 funda-

416 1822 559 1847 mentum
590 1816 692 1846 modis
725 1815 871 1846 munibus
904 1814 1085 1849 inserenda,
1119 1814 1158 1844 de
1190 1825 1251 1855 quo
1283 1825 1340 1855 per
1371 1813 1507 1843 Paulum
1539 1811 1670 1842 dieitur:
1704 1812 1951 1842 Fundamentum
1978 1812 2056 1841 enim

417 1870 510 1901 alind
543 1882 627 1900 uento
654 1877 753 1911 potest
781 1881 895 1910 ponere
924 1876 1028 1910 preter
1061 1868 1103 1901 (tl,
1136 1867 1220 1909 quod
1236 1868 1375 1909 positum
1407 1874 1459 1905 est,
1491 1866 1574 1907 qnod
1604 1873 1647 1896 est
1674 1865 1816 1895 Christus
1839 1865 1936 1903 Iesus,
1969 1864 2058 1894 cuius

416 1923 567 1953 nimirum
598 1922 799 1953 fundamenti
831 1921 1026 1951 constructio
1058 1932 1120 1951 non
1154 1919 1250 1950 debet
1277 1919 1460 1950 inordinata
1482 1930 1579 1949 manu
1603 1919 1722 1949 iactata
1746 1917 1851 1948 fulciri
1876 1936 1918 1940 —
1943 1917 2060 1947 clamat

417 1976 561 2018 profecto
593 1975 647 2005 illa
677 1975 852 2016 praeconia
882 1986 962 2004 voce
994 1975 1025 2004 in
1058 1974 1175 2004 amoris
1208 1973 1343 2012 cantico,
1376 1973 1407 2002 in
1440 1973 1530 2003 cuius
1560 1971 1691 2002 thalami
1717 1971 1953 2001 construetione
1979 1970 2058 2000 haec

417 2029 578 2059 iaciuntur
602 2028 695 2058 altius
720 2028 946 2058 fundamenta:
976 2028 1142 2065 (mulinum,
1168 2027 1221 2064 ait,
1248 2028 1279 2057 1⁵71
1307 2039 1351 2056 me
1372 2027 1510 2058 varitate.
1536 2025 1650 2066 cuique
1668 2024 1762 2065 longe
1780 2029 1853 2054 aute
1872 2023 2058 2065 prophetico

418 2081 701 2123 repromittebatur
732 2081 878 2111 oraculo:
913 2082 1065 2114 Sternunt,
1097 2080 1255 2121 inquiens,
1282 2092 1343 2121 per
1374 2079 1515 2109 ordinem
1544 2078 1668 2120 lapides
1699 2085 1774 2116 (110⁸,
1798 2077 1948 2119 fundabo
1976 2084 2001 2107 tv
2028 2078 2057 2107 1'11

417 2136 565 2177 saplzfiro:
590 2146 647 2176 per
672 2134 835 2175 saphirum
862 2134 991 2175 quippe,
1018 2134 1072 2174 qui
1098 2144 1225 2163 aeream
1250 2132 1341 2173 fingit
1366 2131 1544 2162 simulando
1564 2130 1844 2173 pulclnitudinem,
1870 2129 1945 2159 fidei
1962 2129 2058 2159 simil-

420 2188 529 2218 limum
560 2199 622 2217 non
656 2187 922 2217 inconvenienter
953 2186 1152 2217 demonstrat
1182 2186 1368 2226 mysterium
1396 2204 1434 2206 —
1461 2185 1598 2226 primum
1630 2194 1706 2224 ergo
1738 2183 1841 2212 visum
1874 2188 1921 2212 est
1952 2182 2058 2215 michi,

420 2241 561 2271 omnium
586 2241 716 2270 minimo
734 2241 866 2270 Domini
892 2251 1067 2274 servorum,
1094 2240 1124 2268 in
1150 2239 1244 2280 primi
1269 2238 1389 2268 ordinis
1414 2238 1518 2267 fronte
1543 2238 1646 2278 ipsum
1672 2241 1794 2266 textum
1817 2234 1953 2276 symboli
1978 2234 2058 2265 salu-

418 2293 519 2324 briter
544 2306 560 2323 a
587 2294 706 2324 sanctis
732 2293 873 2323 aeditum
899 2292 1045 2334 patribus
1071 2293 1160 2333 quasi
1186 2292 1304 2322 lineam
1329 2292 1361 2321 in
1386 2290 1542 2321 directum
1567 2289 1768 2320 normulatim
1795 2299 1897 2329 aequo
1915 2287 2058 2318 modera-

419 2347 504 2377 mine
538 2347 568 2376 in
598 2347 797 2376 fundamenti
830 2346 922 2376 huius
954 2345 1106 2387 spiritalis
1139 2344 1278 2375 aedificii
1310 2344 1393 2374 mole
1425 2344 1616 2374 intrinsecus
1648 2353 1685 2372 ac
1714 2341 1892 2371 forinsecus
1916 2340 2058 2375 tendere,

420 2406 452 2430 ut
479 2406 682 2441 quoacquata
709 2400 799 2429 iuxta
831 2399 914 2429 illius
946 2398 1147 2429 rectitudinis
1180 2397 1356 2428 normulam
1383 2402 1450 2427 tota
1480 2396 1581 2426 nostri
1612 2395 1717 2436 operis
1742 2393 1876 2433 fabrica,
1908 2393 2059 2424 hincinde

421 2453 598 2483 catholica(-r
630 2452 703 2482 fidei
736 2451 874 2482 libratim
908 2452 1075 2482 summisso
1108 2450 1350 2492 perpendiculo,
1384 2450 1502 2479 rectius
1533 2448 1574 2479 ad
1605 2448 1719 2478 altiora
1750 2458 1951 2485 excrescens,
1986 2458 2058 2477 con-

420 2506 588 2536 venienter
612 2506 642 2534 111
669 2510 803 2545 utroquo,
830 2505 952 2546 paris—tc
977 2505 1089 2545 aequis
1116 2504 1367 2544 disputationum
1393 2502 1504 2532 metita
1526 2500 1689 2536 funiculis,
1716 2501 1747 2530 111
1765 2511 1889 2531 summa
1906 2500 2059 2530 scientiae

421 2570 494 2588 arc(-
528 2558 734 2599 perfeetionis
766 2557 890 2587 culmvn
924 2557 1076 2587 veridicis
1108 2555 1345 2586 adsertionibus
1381 2555 1541 2585 fulciatur.
1595 2554 1793 2584 Persistente
1829 2558 1935 2583 autem
1966 2552 2059 2583 huius

532 2668 561 2689 10
581 2667 761 2690 asertionibus
785 2666 807 2688 Γ.
873 2666 980 2688 :ma-siti
1003 2665 1027 2688 Γ.
1094 2667 1120 2688 11
1145 2664 1319 2688 humillimam
1340 2676 1373 2678 ——
1394 2663 1574 2694 praesentiam
1594 2675 1627 2677 —
1648 2662 1766 2686 adfuisse
1788 2662 1814 2685 Γ.
1880 2663 1909 2685 14
1930 2661 2012 2685 dubio
2034 2661 2059 2684 Γ.

422 2712 541 2734 adn-istis
565 2712 587 2734 Γ.
673 2711 702 2733 15
722 2713 784 2741 typo
806 2710 831 2733 Γ.
912 2709 1008 2733 ausilio
1031 2709 1055 2731 Γ.
1140 2711 1172 2732 ’.31)
1193 2709 1217 2731 111
1240 2705 1307 2737 cius]
1331 2708 1356 2731 in
1378 2708 1465 2731 medio
1487 2707 1545 2730 eius
1566 2707 1591 2735 Γ,
1611 2706 1680 2730 verbo
1700 2706 1788 2729 medio
1808 2714 1837 2729 cr:
1855 2705 1976 2729 anteriore
1995 2705 2060 2728 linea

422 2755 530 2786 rrywlilo.
604 2757 637 2778 ⁴36
658 2752 789 2786 profi-cm]
810 2754 928 2785 perses-to
951 2753 977 2777 Γ.
1051 2750 1162 2781 enormi]
1184 2753 1292 2775 inormis
1314 2752 1338 2775 Γ.
1413 2752 1445 2775 28
1466 2754 1608 2774 constuere
1631 2751 1656 2774 Γ.
1736 2750 1769 2774 36
1789 2749 2014 2781 repromitebatur
2034 2749 2061 2771 Γ.

421 2800 453 2823 ΣΠ
474 2798 617 2822 similando
640 2799 664 2827 Γ,
688 2802 715 2821 ut
729 2798 838 2829 flirtassu
857 2797 1030 2821 assimilando
1049 2797 1239 2828 Juveffiwndum
1260 2796 1298 2819 sir.
1374 2797 1405 2819 42
1426 2798 1507 2819 totam
1527 2808 1561 2811 —
1580 2795 1710 2818 fabricam
1732 2794 1757 2818 Γ.

2073 711 2097 729 10

2074 976 2098 994 15

2078 1771 2104 1788 30

2079 2036 2103 2055 35

2079 2302 2105 2319 40
