2242 3085
550 143 600 170 19.
637 142 854 170 CONCILIUM
878 143 1244 171 FRANCOFURTENSE
1270 145 1305 171 A.
1328 145 1399 172 794.
1740 145 1800 174 139

150 235 285 266 alterum
310 235 378 266 sine
404 235 505 266 altero
530 235 660 277 plenam
683 247 749 266 non
773 235 875 277 possit
899 235 1072 266 humanam
1090 243 1268 268 monstrare
1286 244 1449 271 naturam:
1476 245 1507 270 et
1532 240 1653 271 idcirco
1679 241 1800 282 placuit

150 299 193 319 ex
216 294 352 330 utraque
377 288 550 319 humanam
582 288 715 319 definire
739 293 899 319 naturam.
946 288 1030 319 Nam
1062 289 1170 319 anima
1194 290 1384 332 incorporea
1410 303 1467 333 pcr
1492 293 1600 323 [mulos
1626 305 1799 336 corporeos

149 341 248 381 videt,
274 341 373 379 audit,
399 342 505 381 sentit,
532 346 563 372 et
588 342 736 383 corporei
762 341 846 372 oculi
870 353 929 383 per
952 342 1176 383 incorpoream
1198 343 1340 374 animam
1357 344 1468 375 videre
1488 345 1675 387 probantur.
1715 347 1798 378 Nam

150 395 176 425 si
200 394 333 425 recedat
357 395 474 434 anima,
506 395 588 426 oculi
621 395 723 436 aperti
748 400 953 425 remanentes
985 400 1017 425 et
1047 406 1142 425 aures
1174 401 1321 437 patentes
1352 408 1413 427 nec
1437 398 1549 429 videre
1580 405 1714 440 possunt
1738 411 1799 431 nec

116 459 130 478 5
149 447 272 478 audire.
309 448 373 478 Per
395 447 539 489 linguam
564 447 706 490 loquitur
730 448 847 487 anima,
873 454 904 479 et
928 448 1038 490 lingua
1062 448 1205 490 loquitur
1222 460 1281 490 per
1298 450 1448 480 animam.
1486 451 1523 481 In
1549 452 1692 493 qualibet
1713 454 1797 484 enim

148 506 239 543 parte
272 501 415 543 corporis
446 501 549 532 incisa
580 512 655 532 earo
688 502 795 532 anima
827 501 922 541 dolet,
960 502 1028 532 sine
1060 502 1168 532 anima
1198 513 1275 533 vero
1308 503 1341 533 in
1371 503 1472 534 frusta
1505 511 1612 535 secata
1638 517 1712 536 earo
1737 518 1797 537 nee

149 553 258 585 dolere
282 565 342 585 nee
368 555 486 585 sentire
510 560 625 596 potest.
664 554 729 585 Per
754 566 883 585 carnem
908 566 1024 596 nempe
1050 555 1158 585 anima
1182 560 1213 585 et
1238 566 1296 596 per
1320 556 1460 586 animam
1486 568 1560 588 caro
1586 559 1694 595 esurit,
1720 560 1797 598 sitit,

147 608 300 638 tristatur.
348 607 513 649 Numquid
544 612 649 649 potest
680 607 745 638 dici
777 619 851 638 caro
884 608 952 638 sine
984 608 1092 638 anima
1116 607 1258 638 humana
1281 614 1406 648 natura,
1439 621 1511 640 cum
1544 610 1584 640 sit
1608 611 1687 641 nihil
1711 611 1799 643 aliud

148 661 209 691 nisi
234 661 344 691 terra?
380 660 533 691 Animata
548 672 626 691 vero
643 666 729 691 terra
746 660 887 691 humana
910 660 1055 702 perfecto
1080 666 1186 702 potest
1211 661 1276 692 dici
1294 662 1420 703 integra
1436 663 1646 705 perfectaque
1670 670 1797 695 natura.

104 725 130 744 ιο
149 714 253 745 Omne
286 714 371 744 enim
395 714 608 755 inperfectum
642 714 759 744 amittit
789 714 927 745 nominis
952 714 1193 756 proprietatem,
1222 715 1284 745 nisi
1310 716 1518 757 perfectionis
1544 717 1573 746 ei
1598 717 1797 748 commodius

147 767 307 798 adiciatur
343 767 611 809 supplementum.
665 767 718 797 Ex
761 772 911 809 quattuor
945 768 1044 809 igitur
1079 767 1217 798 diversis
1250 768 1416 799 elementis
1449 769 1590 800 humana
1622 769 1798 802 subsistere

147 820 248 851 fertur
278 825 402 859 natura,
435 819 549 859 calido,
581 820 710 861 frigido,
742 820 884 859 humido,
917 820 1014 860 sicco,
1046 820 1080 851 id
1105 826 1153 851 est
1177 821 1262 862 igne,
1296 832 1380 861 aere,
1406 827 1492 852 terra
1517 828 1548 853 et
1573 834 1667 864 aqua.
1716 823 1798 854 Cum

148 884 224 915 ergo
250 884 292 903 ex
316 873 365 904 his
390 878 541 915 quattuor
564 874 663 904 variis
688 873 783 904 homo
815 873 969 904 subsistat
992 874 1126 909 naturis,
1159 874 1315 916 numquid
1343 874 1498 906 debemus
1523 876 1556 906 in
1580 887 1644 907 uno
1669 876 1798 908 homine

148 932 299 968 quattuor
323 926 519 957 substantias
542 926 712 968 profiteri?
749 926 784 957 Si
808 927 869 958 hoc
894 927 1010 968 placet,
1037 927 1175 958 addatur
1199 928 1277 969 quin
1302 929 1399 959 etiam
1417 929 1538 970 quinta,
1566 929 1598 959 id
1616 935 1664 960 est
1681 931 1798 970 anima,

102 991 128 1010 15
147 985 181 1011 ut
206 985 330 1011 constet
353 980 447 1010 homo
473 991 514 1011 ex
539 980 692 1022 quinque,
719 985 750 1011 et
774 980 866 1011 verbi
892 981 1121 1022 omnipotentis
1147 981 1187 1011 sit
1211 987 1321 1021 sexta3
1355 987 1386 1012 et
1409 987 1495 1021 tunc,
1529 982 1615 1024 quod
1640 988 1688 1013 est
1712 984 1798 1014 omni

147 1033 294 1064 fatuitate
325 1033 505 1064 dementius
537 1034 688 1075 omnique
720 1033 874 1064 vecordia
905 1033 1042 1073 stultius,
1074 1034 1237 1065 fateantur
1269 1046 1326 1065 sex
1358 1035 1390 1065 in
1415 1046 1480 1065 una
1504 1036 1567 1066 Dei
1593 1035 1797 1078 hominisque

148 1085 267 1117 Christi
292 1086 491 1117 substantiae
516 1098 664 1128 persona.

253 1140 304 1170 Tu
327 1140 462 1171 forsitan
486 1140 670 1181 suspicaris,
704 1140 899 1182 quicumque
931 1152 965 1171 es
990 1146 1118 1171 nostrae
1144 1141 1325 1182 refragator
1349 1142 1545 1179 assertionis,
1577 1143 1617 1173 de
1642 1143 1798 1174 memoria

145 1192 238 1224 nobis
273 1193 429 1233 avolasse,
463 1193 539 1235 quia
571 1193 690 1224 dixerit
719 1193 835 1224 beatus
867 1193 1030 1236 apostolus
1064 1196 1093 1225 in
1131 1196 1277 1226 interiore
1309 1195 1430 1226 homine
1462 1196 1604 1227 habitare
1639 1196 1795 1228 Christian

99 1258 127 1276 20
139 1259 203 1289 per
225 1247 325 1289 fldem
353 1248 384 1277 in
413 1247 560 1278 cordibus
593 1248 709 1278 restris:
765 1247 856 1278 Haec
888 1258 946 1278 nos
978 1253 1045 1278 tota
1077 1247 1248 1278 devotione
1280 1249 1395 1279 mentis
1427 1254 1558 1291 totaque
1590 1249 1796 1291 simplicitate
1817 1263 1978 1287 Eph.3,16.17.

145 1300 306 1331 veraciter
323 1301 498 1330 retinemus
515 1299 622 1331 cordis
640 1305 671 1331 et
688 1300 845 1331 adicimus
863 1311 911 1340 ea,
930 1312 1012 1342 quae
1026 1320 1068 1323 —
1082 1306 1112 1331 te
1130 1301 1264 1332 forsitan
1281 1302 1446 1332 nesciente
1464 1302 1563 1333 latent
1581 1322 1622 1325 —
1636 1303 1721 1333 idem
1739 1314 1796 1333 vas

146 1353 312 1384 electionis
328 1353 463 1384 Paulum
483 1352 604 1383 dixisse
621 1354 875 1384 reminiscimur:
901 1354 974 1396 Ipse
991 1361 1089 1385 civitem
1109 1354 1195 1385 Dens
1214 1356 1310 1396 pan—17⁸
1329 1357 1501 1398 sanctificet
1526 1369 1576 1387 ros
1594 1369 1656 1398 per
1680 1358 1796 1389 omnia.
1817 1369 1978 1392 1.Tness.5,2³.

146 1414 179 1438 nt
209 1408 325 1449 inteyer
355 1408 487 1448 spiritus
519 1414 616 1437 vester
647 1413 674 1437 et
703 1408 811 1438 αηῑῖιηα
842 1414 869 1438 et
899 1419 1012 1449 empus
1042 1409 1109 1438 sine
1133 1408 1272 1449 querella
1306 1410 1337 1439 in
1362 1408 1525 1440 (alventium
1553 1410 1677 1440 domim*
1699 1411 1799 1441 nostri

146 1460 218 1491 Iesu
253 1460 376 1491 Chri-sci
403 1467 550 1491 serretur.
605 1459 691 1499 Tria7
724 1460 867 1502 inquam,
900 1459 992 1499 dixit,
1026 1461 1156 1502 spiritus
1188 1466 1219 1491 et
1249 1461 1357 1492 anima
1389 1467 1420 1492 et
1452 1473 1578 1504 corpus.
1631 1463 1796 1504 Numquid

101 1524 127 1543 25
146 1512 234 1544 aliud
259 1518 307 1544 est
331 1513 462 1554 spiritus
494 1518 525 1543 et
556 1512 643 1543 aliud
675 1512 807 1543 anima?
855 1513 927 1543 Non
959 1513 1069 1544 divisit
1100 1513 1308 1553 substantias,
1339 1514 1396 1545 sed
1422 1515 1611 1556 dignitatem
1638 1516 1795 1546 distinxit.

147 1566 308 1608 Spiritalis
340 1566 460 1608 quippe
492 1566 601 1597 anima
633 1571 663 1597 et
693 1566 836 1608 spiritale
869 1577 985 1608 corpus
1010 1566 1079 1597 vult
1109 1573 1144 1598 ut
1174 1567 1207 1597 in
1239 1567 1414 1598 adventum
1444 1568 1566 1599 domini
1598 1570 1697 1600 nostri
1722 1569 1796 1600 Iesu

147 1619 268 1651 Christi
293 1625 448 1650 servetur.
484 1619 523 1649 In
547 1619 608 1650 hoc
633 1619 769 1661 spiritali
794 1619 934 1659 homine,
960 1620 1015 1662 qui
1040 1626 1071 1651 et
1095 1621 1229 1651 interior
1245 1620 1373 1659 dicitur,
1398 1622 1566 1663 profitetur
1582 1622 1686 1653 isdem
1702 1623 1796 1653 mira-

145 1672 220 1703 bilis
245 1672 358 1704 doctor
381 1672 527 1703 habitare
553 1671 717 1703 Christum
742 1684 800 1715 per
823 1673 920 1703 fidem
944 1673 977 1703 in
1003 1673 1155 1704 cordibus
1180 1674 1307 1705 nostris.
1349 1674 1431 1705 Nam
1457 1681 1505 1705 est
1529 1675 1622 1706 homo
1648 1675 1796 1706 animalis

146 1732 178 1757 et
203 1732 251 1757 est
275 1725 438 1768 spiritalis,
462 1737 527 1757 non
551 1737 609 1767 per
633 1725 857 1765 substantiam,
884 1726 943 1757 scd
966 1737 1025 1768 per
1048 1727 1155 1758 meriti
1180 1727 1377 1769 qualitatem.
1425 1727 1584 1759 Animalis
1610 1729 1730 1771 quippe
1756 1729 1796 1760 ab

100 1792 127 1811 ³0
146 1780 263 1818 anima,
295 1779 449 1821 spiritalis
481 1790 558 1809 vero
583 1790 602 1810 a
626 1779 740 1821 spiritu
764 1784 979 1821 nuncupatur,
1005 1780 1278 1821 quemadmodum
1305 1780 1418 1819 isdem⁷
1451 1782 1613 1813 veridicus
1645 1782 1797 1813 videlicet

146 1833 267 1872 doctor,
293 1832 428 1863 alterum
453 1831 494 1863 ab
520 1832 620 1863 altero
645 1832 809 1863 discrevit.
856 1834 1030 1872 Anz'malz's,
1055 1834 1168 1875 inquit,
1198 1835 1286 1865 homo
1312 1847 1369 1865 non
1390 1837 1532 1877 percipit
1554 1848 1599 1875 ea.
1626 1848 1704 1878 quae
1728 1844 1964 1875 31111t1‚00r‚2‚14,

144 1888 278 1929 spiritus
294 1886 365 1917 Dei.
406 1885 469 1916 Hic
488 1890 536 1916 est
560 1885 711 1923 exterior,
738 1886 793 1927 qui
816 1886 903 1917 foras
928 1897 962 1917 se
987 1886 1030 1917 ad
1053 1887 1217 1918 exteriora
1241 1888 1426 1930 appetenda
1443 1888 1587 1920 effundit.
1629 1889 1797 1931 Spiritalis

146 1947 246 1971 autem
272 1939 431 1971 diiudicat
454 1940 569 1978 (mnia,
600 1938 633 1969 id
658 1944 707 1970 est
735 1939 898 1979 discernit,
932 1947 959 1971 et
983 1941 1048 1982 ipse
1073 1953 1092 1971 a
1116 1942 1237 1972 neoniae
1263 1941 1433 1972 iudicatur.
1481 1942 1544 1973 Hic
1570 1947 1627 1982 est,
1653 1943 1795 1984 inquam7
1816 1958 1876 1981 iba,
1886 1959 1917 1977 15,

146 1993 289 2032 interior,
315 1993 348 2023 in
373 2003 435 2034 quo
454 1992 600 2023 Christus
626 1992 769 2023 creditur
793 1992 950 2032 habitare,
977 1993 1032 2035 qui
1056 1994 1213 2024 introrsus
1231 2005 1340 2036 seper
1358 1995 1638 2037 contemplationis
1660 1997 1796 2037 gratiam

100 2058 127 2077 ³5
146 2046 264 2077 retinet
300 2051 331 2077 et
366 2046 511 2076 internae
546 2045 732 2076 refectionis
769 2045 941 2076 dulcedine
977 2052 1088 2088 pastus
1134 2047 1166 2077 in
1201 2058 1310 2078 amore
1353 2048 1401 2078 sui
1443 2048 1618 2079 conditoris
1654 2050 1798 2080 suaviter

146 2099 330 2141 requiescit.

254 2212 269 2235 3
296 2210 365 2234 vidit
389 2210 422 2234 R.
443 2210 502 2234 ΡΖ.
613 2211 627 2234 6
654 2208 750 2241 incisa]
777 2210 857 2235 fuerit
882 2211 941 2234 add.
963 2211 1022 2235 ΡΙ.
1132 2212 1222 2235 anima
1249 2209 1332 2241 dolet]
1362 2211 1470 2242 intelliye
1498 2220 1545 2243 per
1572 2214 1686 2236 animam
1717 2212 1798 2237 dolet.

148 2256 245 2280 frustra
268 2255 297 2278 R.
319 2254 375 2278 ΡΞ.
458 2256 472 2279 7
494 2252 621 2285 animam]
644 2256 732 2279 anima
753 2255 810 2278 ΡΙ.
896 2256 911 2279 S
932 2256 966 2279 sit
986 2254 1062 2286 nihil]
1084 2256 1120 2279 ita
1140 2257 1175 2285 M,
1197 2255 1262 2280 nihil
1286 2255 1393 2285 (nichil)
1416 2257 1451 2280 sit
1470 2257 1523 2281 rell.
1609 2258 1623 2281 9
1643 2258 1695 2281 nisi
1716 2255 1796 2287 terra]

148 2300 200 2324 nisi
222 2300 252 2323 Ji.
308 2299 428 2330 perfecta
442 2299 497 2323 1²2.
553 2300 659 2330 integra
671 2299 737 2323 dee-23!
750 2299 807 2323 ΡΙ.
865 2301 893 2323 11
917 2299 1051 2324 elimentis
1066 2300 1101 2329 M,
1117 2299 1250 2324 alimentis
1266 2300 1290 2324 P
1299 2302 1322 2323 2.
1380 2302 1410 2324 15
1431 2301 1465 2324 sit
1478 2301 1543 2325 dee-s!
1557 2301 1581 2324 P
1591 2304 1612 2325 1.
1671 2303 1702 2325 16
1722 2302 1799 2325 fatui-

103 2351 130 2370 4ο
148 2345 196 2368 tati
218 2344 275 2368 ΡΞ.
358 2341 517 2374 dementius]
538 2344 726 2375 profanum
748 2343 804 2368 Pl.
820 2346 843 2368 2.
928 2345 958 2368 17
979 2345 1147 2368 substantiae
1168 2342 1293 2376 persona]
1314 2345 1349 2368 ita
1369 2345 1404 2373 M,
1426 2354 1541 2376 persona
1561 2346 1726 2369 suhstantiav
1746 2347 1798 2370 rell.

152 2389 183 2413 18
203 2385 363 2419 refragator]
384 2389 500 2412 resi-atur
520 2388 577 2412 1⁷2.
670 2389 701 2412 19
721 2389 877 2412 interiorem
897 2388 1032 2412 hominem
1053 2388 1109 2412 ΡΙ.
1194 2390 1228 2413 20
1247 2386 1355 2420 vestris]
1377 2389 1411 2413 ita
1432 2388 1467 2413 ΑΙ.
1488 2390 1519 2415 Ji.
1544 2391 1683 2414 nostris
1705 2390 1760 2414 I'J.
1777 2394 1798 2414 2.

150 2434 247 2457 mentis
266 2445 301 2448 —-
320 2430 503 2464 simplicitate]
525 2433 621 2456 montis
641 2429 924 2464 sim1›lieiqu‹a)e
946 2432 1001 2456 P1.
1017 2434 1040 2456 2.
1115 2434 1144 2457 21
1168 2433 1275 2457 corde
1296 2433 1352 2457 1³1.
1368 2435 1390 2457 2.
1472 2437 1497 2458 te
1518 2435 1630 2459 forsitan
1651 2432 1799 2465 nesciente]

150 2477 309 2502 forsitan
330 2477 567 2501 somniantem
587 2480 619 2500 to
640 2476 696 2506 l’]vv
716 2480 746 2500 tc
767 2477 927 2500 forsitan
948 2478 1150 2501 somniante
1173 2477 1229 2501 P?—
1290 2475 1371 2509 idem]
1388 2479 1482 2503 eodem
1498 2480 1533 2503 Jl.
1548 2478 1602 2508 1¹2,
1618 2479 1730 2503 eundem
1748 2479 1800 2502 ΡΙ,

151 2522 184 2546 24
204 2522 258 2546 dixi
279 2521 336 2545 ΡΒ.
410 2522 443 2545 26
464 2528 562 2553 corpus
583 2518 650 2552 vult]
671 2521 730 2545 vult
750 2529 846 2553 corpus
867 2521 924 2545 Ρ]-
998 2522 1031 2545 30
1058 2519 1082 2552 a]
1109 2523 1142 2546 ab
1170 2522 1230 2546 1⁷2.
1304 2522 1388 2546 isdem
1409 2523 1546 2547 veridicus
1568 2521 1706 2554 videlieet]
1728 2523 1800 2547 vido-

104 2573 131 2590 45
152 2565 215 2590 licet
234 2566 299 2590 deest
319 2568 354 2595 Js,
374 2566 477 2590 hisdem
498 2566 633 2590 veridicus
654 2565 783 2590 videlicet
801 2565 829 2591 li’.
850 2565 933 2589 isdem
955 2566 1083 2590 viridicus
1105 2566 1234 2591 videlicet
1255 2567 1310 2592 1²2.
1332 2567 1402 2591 idem
1416 2568 1458 2591 vir
1472 2568 1586 2592 idoneus
1602 2567 1729 2591 videlicet
1744 2568 1799 2591 ΡΙ,

152 2611 185 2635 33
205 2607 323 2642 nemine]
344 2618 385 2634 mc
406 2610 438 2634 R.
512 2614 551 2634 cst
573 2607 690 2641 inquam]
711 2611 795 2641 inqu
806 2618 852 2634 am
874 2613 926 2633 ost
946 2610 1003 2634 ΡΙ.
1019 2613 1041 2634 2.
1116 2612 1148 2635 35
1169 2609 1273 2643 pastus]
1296 2611 1311 2635 d
1322 2620 1382 2643 epa
1393 2615 1468 2635 stus
1489 2612 1545 2636 P1.
1565 2615 1587 2636 ·.1.

150 2709 261 2747 qularis
283 2709 308 2737 si
331 2710 497 2743 resolvalur,
530 2709 676 2737 resolvitur
700 2709 726 2737 ιή
759 2710 859 2737 lineam
893 2714 917 2737 μί
941 2715 1073 2747 pztnt'lnm
1106 2711 1286 2744 indivisibile:
1315 2711 1353 2738 im
1379 2711 1433 2738 vita
1459 2711 1638 2738 membrorum
1665 2711 1799 2748 corporis.

154 2762 203 2789 etsi
220 2767 323 2799 porcat
341 2772 398 2799 per
417 2766 526 2799 partes,
553 2773 606 2789 wm
632 2767 723 2790 ίαηιεη
748 2763 911 2799 deperdilur
935 2763 1138 2791 indivisibilitas
1169 2764 1290 2798 animae,
1323 2765 1364 2790 ml
1392 2774 1474 2800 (smmi
1506 2765 1616 2791 tandem
1649 2764 1799 2791 redas-itur.

153 2815 218 2842 Ilm·
244 2815 313 2841 idem
341 2815 480 2851 explicari
499 2820 589 2851 potest
613 2825 648 2842 (υτ
671 2825 795 2849 numero,
820 2816 868 2852 qui
890 2816 931 2843 αιῖ
952 2816 1082 2843 unitatem
1108 2816 1267 2853 resp-edilztr
1290 2826 1340 2843 nec
1364 2817 1439 2844 vltra
1464 2817 1615 2844 dividitur'.

1541 2873 1587 2900 is*
