2242 3085
422 119 485 149 354
839 119 888 149 39.
926 119 1141 147 CONCILIUM
1167 117 1494 151 AQUISGRANENSE
1518 118 1554 145 A.
1576 117 1650 146 816.

422 228 507 245 meum
534 219 567 245 dc
591 227 675 245 manu
701 226 793 244 corum
819 221 843 243 et
867 225 977 244 cessare
993 215 1108 250 faciam
1133 225 1186 249 cos,
1218 220 1246 243 ut
1270 216 1344 243 ultra
1369 225 1424 243 non
1444 219 1569 252 pascant
1590 224 1703 252 qreyem
1727 224 1777 242 nec
1796 218 1922 251 pascant
1939 214 2064 251 amplius

416 276 547 308 pastores
576 270 742 306 semetipsos.
791 269 858 301 Quis
890 270 924 296 ad
955 269 1025 296 haec
1056 278 1111 296 non
1142 269 1335 296 intremiscat?
1383 268 1452 299 Quis
1482 269 1537 295 ista
1567 269 1626 295 sine
1658 268 1827 295 intolerabili
1851 272 1929 295 metu
1951 267 2065 294 futurae

422 324 632 351 examinationis
656 323 785 357 accipiat,
811 323 862 349 nisi
888 323 935 357 qni
960 326 1008 348 aut
1030 331 1085 349 non
1110 323 1252 357 intellegit
1276 326 1324 348 aut
1347 322 1443 348 futura
1465 330 1520 348 non
1545 321 1656 348 credit?
1692 320 1749 348 Sed
1769 321 1870 353 omnia,
1897 330 1968 355 quac
1986 321 2064 348 Deus

420 378 570 404 observare
595 377 692 409 voluit⁷
717 379 773 402 tam
797 379 895 410 aperte
921 376 1013 410 posuit
1039 379 1068 402 et
1091 376 1130 402 ita
1154 376 1194 401 sui
1220 375 1336 401 nominis
1360 375 1529 401 auctoritate
1554 374 1684 407 firmavit,
1716 377 1748 400 ut
1781 382 1815 400 ea
1837 374 1957 407 facilius,
1990 374 2065 408 quod

421 431 498 456 dictu
523 438 635 464 quoque
659 429 739 455 nefas
765 433 819 461 est,
844 432 1072 463 contempnamus
1097 438 1179 463 qnam
1203 437 1252 454 nos
1276 437 1331 455 non
1355 427 1525 462 intellegere
1549 428 1595 454 vel
1619 436 1674 454 non
1698 427 1815 454 credere
1840 430 1897 453 tam
1914 430 2013 461 aperta
2036 430 2065 453 et
2084 432 2099 451 ὁ

281 481 401 528 Εῑὲιθῖι-ᾞΙἈ
422 484 516 509 divina
539 482 684 517 tingamus.
723 482 841 513 Quando
863 482 1007 508 audimus:
1032 481 1114 508 Ilaec
1138 480 1203 507 (licit
1226 480 1352 507 dominus
1376 480 1462 514 Deus,
1488 481 1549 515 quis
1572 480 1668 507 futura
1692 489 1753 507 esse
1777 488 1833 506 non
1856 480 1964 512 eredat,
1989 480 2064 514 quod

300 544 329 563 ib.
340 543 400 565 ari-².
423 536 490 562 dicit
516 536 658 568 Dominus,
691 535 742 561 nisi
776 535 821 569 qui
846 535 909 561 Deo
940 543 995 561 non
1027 535 1138 561 credit?
1186 533 1268 565 Quod
1293 538 1387 560 autem
1412 534 1494 560 dicit:
1534 533 1592 561 Vae
1610 532 1781 569 pastoribus,
1813 533 1888 559 istud
1921 531 1990 560 ‘vae’
2016 541 2066 567 pro

421 589 570 616 maledicto
601 589 666 623 poni
695 592 723 614 et
754 592 896 622 pastorum
926 588 1037 614 nomine
1068 596 1117 614 nos
1148 586 1297 621 significari
1330 587 1390 621 quis
1421 595 1476 613 non
1508 586 1668 621 intellegat,
1699 586 1751 612 nisi
1784 586 1832 620 qui
1863 586 1986 612 futurum
2011 594 2066 612 non

422 642 547 677 cogitat?
594 642 704 676 Grcgcs
728 641 838 668 Domini
863 641 1019 676 pascendos
1043 645 1170 675 pastores
1194 640 1262 666 facti
1287 640 1451 674 suscipimus
1477 644 1505 666 et
1528 648 1578 666 nos
1602 639 1676 674 ipsos
1700 639 1849 674 pascimus,
1875 639 1987 673 quando
2011 647 2066 665 non

422 704 538 729 gregum
562 695 678 720 utilitati
701 694 894 729 prospicimus,
925 694 975 720 sed
1000 694 1075 728 quod
1098 693 1195 720 foveat
1220 697 1249 720 et
1273 697 1377 728 augeat
1401 696 1511 719 nostras
1535 692 1695 719 voluntates
1725 692 1907 718 attendimus.
1954 692 2012 718 Lac
2037 695 2066 718 et
2087 698 2114 717 ιο

422 751 498 775 lanas
522 748 613 774 ovium
637 746 750 778 Christi,
782 747 939 774 oblationes
971 747 1146 781 quotidianas
1177 756 1209 772 ac
1241 747 1355 772 decimis
1388 746 1512 773 fidelium
1544 746 1702 780 gaudentes
1733 745 1884 779 accipimus
1916 748 1945 771 et
1974 753 2067 771 curam

421 802 624 836 1mscendornm
649 810 765 835 gregum
789 810 821 827 ac
845 799 1069 833 reficiendorum,
1096 808 1111 826 a
1137 800 1239 833 quibus
1264 808 1397 834 perverso
1421 800 1519 825 ordine
1538 798 1663 825 volumus
1679 798 1766 833 pasci,
1793 798 1968 832 deponimus.
2004 797 2067 824 Non

423 863 550 881 sanamus
574 854 690 889 spiritali
715 854 828 880 consilio
852 853 977 887 peccatis
1001 852 1148 885 infirmum,
1173 861 1229 879 non
1251 853 1419 879 sacerdotali
1436 861 1490 887 ope
1509 851 1712 878 consolidamus
1729 854 1778 877 aut
1794 850 1932 877 reficimus
1949 851 2066 877 diversis

422 907 649 934 tribulationibus
673 907 800 939 fractum,
831 915 886 932 non
917 906 951 932 ad
982 906 1054 932 viam
1083 906 1179 931 salutis
1211 914 1372 931 revocamus
1405 914 1561 937 erroneum⁷
1594 913 1650 930 non
1679 904 1847 938 requirimus
1878 903 2066 930 sollicitudine

422 961 555 996 pastorali
574 961 672 986 veniae
697 960 887 994 disperatione
913 959 965 985 iam
989 959 1141 993 perditum,
1167 959 1202 984 ad
1226 958 1278 984 hoc
1303 962 1413 984 tantum
1436 962 1570 992 potentes
1596 957 1701 991 effecti,
1727 961 1758 984 ut
1782 957 1862 983 nobis
1878 957 1906 983 in
1923 957 2066 983 subiectos
2087 962 2114 982 15

423 1014 637 1041 dominationem
667 1013 830 1039 tirannicam
861 1013 1043 1044 vindicemus,
1075 1015 1105 1038 ut
1137 1020 1192 1038 non
1223 1011 1343 1038 afflictos
1375 1014 1472 1038 contra
1501 1011 1662 1037 violentiam
1691 1014 1851 1045 potentum,
1885 1010 1931 1044 qui
1961 1010 1989 1035 in
2020 1018 2067 1036 eos

422 1068 543 1094 ferarum
567 1075 641 1092 more
667 1066 786 1098 seviunt,
813 1065 1009 1091 defendamus.
1045 1064 1115 1091 Inde
1142 1069 1195 1097 est,
1221 1064 1295 1098 quod
1319 1068 1376 1090 tam
1400 1073 1415 1090 a
1439 1064 1604 1098 potentibus
1627 1063 1708 1090 huius
1731 1063 1827 1089 mundi
1845 1072 1926 1097 quam
1945 1072 1961 1089 a
1976 1063 2066 1095 nobis⁷

423 1121 498 1155 quod
522 1120 601 1154 peius
626 1123 678 1151 est,
710 1119 836 1144 nonnulli
865 1119 990 1153 graviter
1018 1118 1130 1152 fatigati
1155 1118 1324 1152 depereunt,
1359 1126 1427 1151 quos
1452 1126 1481 1143 se
1507 1117 1542 1143 de
1566 1125 1649 1143 manu
1672 1119 1769 1143 nostra
1788 1116 1924 1142 Dominus
1947 1116 2066 1151 requisi-

293 1183 403 1206 ib.34‚10.
423 1178 515 1200 turum
546 1172 712 1199 terribiliter
743 1172 935 1203 comminatur,
968 1172 1081 1198 dicens:
1114 1170 1268 1206 Requiram
1301 1179 1363 1197 ores
1394 1179 1469 1197 meas
1493 1170 1526 1197 de
1552 1179 1636 1196 manu
1661 1173 1809 1206 pastorum
1841 1173 1866 1196 et
1889 1178 1998 1196 cessare
2022 1180 2066 1196 eos

420 1226 543 1261 faciam,
571 1229 599 1252 ut
622 1226 696 1252 ultra
721 1225 775 1252 iam
801 1234 855 1251 non
875 1228 1000 1261 pascant
1013 1234 1113 1261 yrefses
1133 1233 1213 1250 meos.
1251 1222 1333 1254 Quod
1351 1223 1417 1258 quid
1435 1227 1478 1249 est
1495 1223 1570 1249 aliud
1588 1232 1686 1257 quam:
1713 1222 1865 1255 ‘Pastorem
1891 1222 1938 1256 qui
1961 1226 2066 1249 semet-
2087 1228 2115 1246 20

424 1281 508 1314 ipsos,
532 1288 586 1305 non
611 1287 713 1313 greges
745 1287 820 1305 meos
851 1281 980 1312 pascunt,
1013 1277 1185 1303 sublimitate
1217 1285 1283 1303 suae
1316 1277 1460 1311 dignitatis
1493 1276 1631 1311 expoliem
1663 1279 1692 1302 et
1723 1275 1797 1301 inter
1827 1275 1970 1309 reprobos.
2003 1275 2069 1309 quia

424 1333 556 1359 honorem
581 1341 660 1357 suum
683 1331 833 1357 noluerunt
859 1331 1009 1364 custodire⁷
1033 1329 1198 1365 proiciam'?
1234 1330 1340 1356 Horum
1366 1333 1394 1356 et
1417 1330 1460 1355 his
1484 1329 1611 1355 similium
1636 1329 1858 1355 consideratione
1882 1328 2066 1363 perterritus:

275 1395 406 1418 1·ε,54,6,ῖ,
433 1385 525 1412 Timor
556 1389 581 1411 et
610 1389 713 1411 tremor
745 1388 878 1411 venerunt
900 1393 984 1420 super
1011 1393 1061 1417 me,
1087 1387 1112 1410 et
1135 1386 1317 1410 contexerunt
1346 1392 1387 1409 me
1412 1386 1594 1419 peecatorum
1618 1391 1738 1409 meorum
1763 1380 1881 1408 tenebre.
1930 1381 1970 1408 Et
1993 1381 2068 1408 dixi.-

428 1438 498 1469 Quc's
521 1438 597 1465 dabit
619 1437 685 1464 mihi
703 1447 817 1474 pennas
840 1437 910 1464 sieut
939 1436 1086 1470 collumbae,
1119 1440 1144 1463 et
1174 1435 1268 1463 volabo
1301 1440 1326 1462 et
1355 1435 1548 1471 requiescam?
1592 1435 1629 1461 Et
1652 1435 1704 1461 hoe
1728 1438 1828 1467 totum,
1853 1438 1970 1469 propter
1993 1435 2068 1469 quod

425 1492 581 1526 imperitiae
615 1500 695 1517 meae
729 1500 759 1517 ac
795 1491 881 1516 futuri
912 1490 974 1516 finis
1006 1490 1169 1516 recordatus
1200 1490 1323 1524 ingemui
1355 1493 1383 1515 et
1414 1489 1487 1515 volui
1520 1489 1627 1515 sarcina
1659 1488 1837 1522 episcopatus
1861 1488 1916 1514 mei
1940 1487 2069 1522 deposita
2088 1495 2116 1514 25

427 1545 557 1579 elongare
589 1545 700 1579 fugiens
732 1547 761 1571 ct
792 1553 904 1570 manere
935 1544 963 1570 in
995 1543 1145 1569 solitudine
1178 1548 1207 1569 et
1238 1543 1276 1569 ibi
1308 1546 1457 1577 expectare
1489 1542 1591 1574 Deum,
1629 1542 1674 1576 qui
1707 1541 1812 1567 salvum
1842 1550 1885 1567 me
1916 1540 2025 1568 faceret
2054 1549 2070 1567 a

426 1598 654 1632 pusillanimitate
679 1606 742 1623 mea
767 1601 795 1623 et
820 1597 854 1623 ab
879 1597 939 1631 ipsa
963 1596 1181 1623 intolerabilium
1205 1596 1270 1621 milii
1295 1595 1514 1622 sollicitudinum
1537 1598 1722 1629 tempestate.

532 1655 694 1685 XXXIII.
744 1654 913 1685 Isidori
957 1653 1005 1684 de
1049 1652 1282 1684 iracundis
1323 1651 1597 1683 doctoribus.
1659 1654 1812 1683 Ινειοιιιιεὶἰι
1852 1656 1980 1683 doctores
2018 1664 2070 1690 per

426 1713 531 1739 rabiem
556 1713 655 1739 furoris
679 1712 842 1746 disciplinae
867 1712 978 1737 modum
1002 1712 1037 1737 ad
1063 1712 1255 1737 inmanitatem
1280 1710 1455 1736 crudelitatis
1480 1713 1648 1736 convertunt
1674 1714 1712 1742 et,
1738 1710 1813 1735 uncle
1836 1710 1986 1736 emendare
2003 1709 2067 1735 sub-

427 1767 499 1792 ditos
523 1770 664 1800 poterant⁷
690 1766 755 1791 inde
780 1765 873 1799 potius
897 1765 1056 1791 vulnerant.
1094 1764 1161 1790 Ideo
1187 1764 1246 1790 sine
1270 1772 1401 1790 mensura
1425 1763 1569 1789 ulciscitur
1593 1763 1689 1797 culpas
1713 1762 1889 1797 praepositus
1910 1762 2068 1793 iracundus,
2089 1772 2118 1791 30

428 1820 491 1853 quia
524 1828 570 1845 cor
601 1819 660 1845 cius
691 1819 846 1852 dispersum
878 1818 904 1843 in
935 1827 1027 1844 rerum
1060 1818 1132 1843 curis
1162 1826 1217 1843 non
1249 1816 1389 1851 colligitur
1420 1817 1447 1843 in
1472 1825 1592 1843 amorem
1615 1817 1696 1842 unius
1721 1816 1846 1843 deitatis.
1893 1816 1973 1842 Mens
1998 1816 2069 1842 enim

428 1872 521 1898 soluta
544 1873 571 1898 in
596 1872 712 1898 diversis
737 1875 837 1898 catena
862 1871 985 1897 caritatis
1009 1879 1064 1896 non
1088 1870 1280 1905 adstringitur,
1312 1870 1363 1896 sed
1387 1872 1458 1896 male
1483 1869 1586 1902 laxata,
1610 1869 1681 1896 male
1706 1869 1741 1896 ad
1765 1878 1874 1896 omnem
1898 1869 2070 1895 occasionem

429 1929 566 1952 movetur.

536 1982 736 2014 XXXIIH2.
768 1981 966 2023 Gregorii
992 1981 1037 2012 dc
1063 1981 1150 2012 zelo
1176 1980 1405 2022 pastoralis
1431 1980 1567 2011 officii
1592 1991 1689 2021 erga
1713 1978 1914 2010 subditos.
1953 1981 2071 2009 Omnis3

430 2041 563 2074 spiritalis
588 2040 664 2066 zelus
690 2040 810 2066 doctoris
835 2040 953 2066 animum
971 2039 1058 2073 frigit,
1086 2039 1149 2073 quia
1166 2038 1248 2065 valde
1268 2039 1417 2071 cruciatur,
1443 2038 1507 2064 dum
1523 2037 1644 2064 infirmos
1662 2046 1786 2072 quosque
1804 2041 1921 2063 aeterna
1937 2037 2069 2063 deserere
2089 2044 2119 2063 εἴ)

536 2144 649 2167 XXXII.
681 2146 690 2167 1
708 2144 804 2167 faciam
821 2141 876 2173 eos]
900 2151 945 2166 eos
960 2143 1051 2166 fatiam
1072 2142 1103 2166 B.
1158 2140 1197 2172 ut]
1214 2147 1239 2166 et
1255 2142 1284 2167 L.
1339 2143 1354 2165 2
1374 2139 1551 2172 intremiscat]
1566 2144 1763 2165 contremescat
1777 2140 1809 2170 B,
1830 2141 2020 2164 contremiscat
2034 2140 2070 2165 jl.

430 2188 611 2212 intollerabile
631 2188 663 2213 B,
746 2189 760 2211 4
782 2188 918 2211 =i›bservari
940 2185 975 2210 JI.
1059 2188 1072 2210 ἶ)
1094 2190 1297 2210 contemnamus
1321 2191 1354 2214 Μ.
1438 2188 1452 2209 6
1473 2186 1622 2210 audivimus
1642 2185 1673 2209 L.
1755 2185 1828 2209 Deus
1847 2185 1913 2208 deest
1930 2184 1961 2209 L.
1981 2184 2014 2208 B.
2034 2184 2069 2209 JI.

431 2236 445 2255 «δ’
466 2233 572 2256 nomina
596 2232 624 2256 ΙΙ.
647 2232 675 2256 L.
755 2232 873 2255 futurum
899 2231 926 2255 [J.
1007 2232 1021 2255 9
1042 2231 1177 2262 pascendo
1198 2231 1229 2254 L.
1312 2232 1342 2254 10
1363 2230 1480 2254 utilitate
1501 2230 1534 2254 B.
1615 2231 1643 2253 11
1666 2229 1849 2253 oblationibus
1870 2229 1901 2253 B.
1983 2230 2069 2260 quoti-

431 2274 535 2306 dianas]
562 2277 704 2300 cotidianis
726 2276 757 2301 I).
788 2276 951 2299 cottidianas
973 2273 1007 2298 Jl.
1100 2272 1141 2305 ac]
1166 2275 1214 2298 linc
1234 2274 1273 2298 hic
1292 2279 1314 2298 et
1333 2275 1403 2305 infra
1423 2274 1456 2298 Β.
1541 2274 1658 2298 decimas
1679 2273 1711 2298 B.
1798 2275 1828 2297 13
1849 2272 2016 2297 sacerdotale
2037 2273 2069 2297 B.

434 2323 463 2344 14
484 2329 623 2344 erraneum
644 2320 680 2344 Μ.
762 2321 792 2343 15
812 2321 908 2343 veniae
930 2320 1110 2350 disperatione
1131 2319 1219 2342 desunt
1238 2319 1269 2342 B.
1352 2319 1539 2350 desperatione
1559 2318 1596 2342 JI.
1668 2315 1730 2348 iam]
1752 2326 1794 2341 am
1814 2317 1844 2341 L.
1926 2318 1957 2341 16
1977 2317 2068 2341 vendi-
2088 2321 2118 2339 ⁴0

432 2373 521 2388 cemus
541 2374 552 2387 1:
571 2374 633 2388 eurr.
654 2365 689 2388 ΠΙ,
776 2369 803 2388 nt
824 2362 886 2394 non]
908 2372 961 2388 non
981 2369 1008 2387 ut
1029 2363 1064 2387 ⁴ll.
1147 2365 1177 2386 15
1199 2360 1275 2394 quos]
1297 2371 1348 2394 quo
1369 2371 1380 2387 e
1399 2371 1460 2387 corr.
1481 2362 1511 2386 L.
1590 2363 1621 2386 19
1642 2363 1819 2386 comminator
1838 2362 1869 2385 B.
1953 2363 1985 2385 20
2005 2361 2069 2392 quid

432 2406 480 2439 est]
502 2409 607 2439 quidem
629 2408 660 2432 ΙΙ.
734 2410 763 2432 21
787 2412 899 2439 pascunt
919 2408 984 2431 deest
1004 2408 1038 2431 Jl.
1108 2404 1251 2438 expoliem]
1272 2406 1385 2438 spoliani
1405 2407 1437 2430 B.
1511 2408 1543 2430 22
1564 2403 1704 2437 honorem]
1725 2406 1816 2430 horem
1839 2406 1866 2435 L,
1889 2407 2017 2430 bonorum
2038 2405 2069 2429 B.

432 2453 673 2476 considemtionem
694 2452 724 2476 L.
816 2454 848 2476 *2:³2
869 2450 977 2483 tremor]
999 2452 1049 2476 scil.
1071 2451 1210 2483 psalmista
1230 2452 1325 2483 inquit.
1407 2452 1439 2474 ‘24
1460 2448 1519 2481 hoe]
1540 2458 1571 2474 oc
1592 2450 1624 2479 B,
1646 2455 1683 2474 cst
1703 2450 1764 2474 add.
1782 2450 1831 2474 Iul.
1918 2451 1950 2474 26
1971 2447 2069 2481 Deum]

433 2498 576 2521 Dominum
598 2497 628 2520 [ι’.
694 2498 724 2520 2ῖ
748 2496 844 2528 pusilla
864 2497 999 2520 animitate
1019 2496 1052 2520 B.
1108 2495 1322 2519 sollicitudinum
1342 2492 1512 2527 tempestate]
1533 2494 1763 2518 insolieitudinem
1785 2498 1810 2518 ct
1831 2498 2017 2526 tempestatem
2040 2494 2068 2518 B.

537 2541 661 2564 XXXIII.
693 2542 724 2564 29
746 2541 846 2564 rubiani
867 2541 897 2564 B.
2087 2540 2118 2559 45

538 2585 681 2608 XXXIIII.
713 2586 745 2608 34
766 2585 890 2615 Gregorii
911 2585 975 2607 (lem
994 2584 1025 2608 Β.
1100 2585 1132 2607 35
1154 2584 1286 2607 crutiatur
1306 2584 1336 2608 Β.

542 2676 569 2701 11
595 2675 729 2703 Isidorus.
763 2676 884 2702 &summ
911 2675 960 2701 III
982 2685 1003 2701 c.
1021 2675 1076 2707 lo.-
1114 2677 1186 2710 (ηιμ,
1210 2673 1257 2703 VI,
1283 2675 1351 2702 328.
1467 2673 1496 2699 ‘ll
1525 2673 1554 2701 (J.
1573 2674 1609 2702 34
1630 2683 1671 2696 =
1700 2673 1768 2699 Taio
1792 2673 1827 2699 II
1846 2683 1867 2700 c.
1886 2674 1940 2705 36,·
1975 2672 2068 2706 Risco,

433 2730 449 2755 l.
476 2730 492 2755 l.
526 2728 637 2757 XXXI,
670 2729 800 2764 315·sqq.
833 2725 951 2763 (illi-amr,
989 2728 1005 2754 l.
1032 2729 1048 2754 l.
1083 2727 1206 2760 LXXX,
1238 2728 1298 2755 8:29
1311 2725 1394 2763 sqq).
1510 2726 1539 2759 3)
1572 2726 1621 2753 Ex
1653 2726 1792 2763 (r'reyorin
1822 2726 1874 2757 III..
1906 2725 2008 2752 Hamil.
2041 2725 2070 2752 in

435 2781 604 2808 Envltt'vlvtn
631 2781 652 2811 Ῑ,
684 2782 717 2809 12
739 2780 762 2818 ς’
780 2782 833 2809 ζ).();
867 2782 938 2817 Ultlt.
965 2780 987 2815 Ῐ1
1014 2782 1098 2809 1304.
