2242 3085
99 706 124 724 10

96 971 121 989 15

92 1237 117 1256 20

91 1503 116 1522 25

90 1772 116 1791 30

89 2038 114 2057 35

89 2357 116 2375 ⁴0

91 2577 118 2596 45

567 118 618 147 39.
655 119 872 147 CONCILIUM
896 119 1222 150 AQUISGRANENSE
1247 122 1282 148 A.
1305 121 1378 148 816.
1731 120 1791 149 371

147 225 243 243 omnes
266 216 344 243 fidei.
393 216 499 247 Quodsi
530 217 721 244 huiuscemodi
752 226 807 244 non
838 217 944 243 fuerint
975 219 1225 252 consanguinitatis
1251 220 1487 254 castimoniaeque
1512 229 1661 254 personae,
1693 220 1794 246 multas

147 279 216 297 anus
239 270 329 296 nutrit
354 269 485 302 ecclesia,
511 279 584 304 quae
610 274 638 297 et
662 270 784 297 officium
808 271 966 305 praebeant
991 275 1020 297 ct
1042 271 1210 297 beneficium
1227 273 1367 306 accipiant
1384 273 1577 301 ministrando.
1601 277 1632 299 ut
1647 272 1794 300 infirmitas

147 332 259 358 quoque
291 327 341 349 tua
370 323 491 349 fructum
522 323 626 350 habeat
659 323 857 350 elacmosinae.
905 323 967 350 Scio
997 325 1131 358 quosdam
1156 325 1328 351 convaluisse
1354 335 1468 360 corpore
1495 330 1523 352 et
1548 327 1638 352 animo
1664 331 1792 361 egrotan-

145 377 282 411 coepissc.
330 376 491 402 Periculose
515 377 567 402 tibi
591 377 730 402 ministrat
755 377 833 403 cuius
858 377 966 402 vultum
991 377 1159 411 frequenter
1183 378 1322 404 adtendis.
1366 378 1394 404 Si
1423 383 1540 414 propter
1563 379 1685 406 officium
1711 380 1791 406 cleri-

145 434 225 456 catus
255 433 303 456 aut
334 430 420 455 vidua
450 430 579 456 visitatur
609 434 657 456 aut
688 430 777 464 virgo,
814 439 963 464 numquam
995 431 1105 457 domum
1137 431 1212 456 solus
1244 431 1366 457 introcas
1398 432 1526 466 talesque
1558 433 1662 459 habeto
1693 434 1792 461 socios,

145 492 262 517 quorum
286 483 469 509 contubernio
494 492 548 509 non
572 483 724 509 infameris.
765 482 793 509 Si
818 483 917 515 lector,
942 484 965 509 si
989 484 1117 516 acolitus,
1142 484 1164 509 si
1188 484 1296 518 psaltes
1321 485 1458 519 sequitur,
1483 495 1537 511 non
1561 490 1677 513 ornetur
1700 490 1791 516 veste,

144 537 195 562 scd
219 536 352 568 moribus,
376 545 429 563 nc(-
454 536 612 562 calamistro
637 536 760 570 crispent
785 545 887 568 comas,
914 537 965 563 sed
988 537 1153 571 pudicitiam
1177 537 1275 563 habitu
1299 537 1495 571 polliceantur.
1543 539 1624 565 Solus
1648 549 1710 565 cum
1734 540 1792 566 sola

144 594 254 616 secreto
287 593 316 615 et
347 589 454 624 absque
487 589 592 615 arbitro
623 589 668 615 vel
701 593 776 615 teste
809 598 864 616 non
895 590 1006 616 sedeas,
1054 589 1082 616 Si
1107 590 1270 616 familiarius
1295 594 1337 616 cst
1363 591 1467 625 aliquid
1492 592 1675 626 loquendum,
1704 593 1790 619 habet

143 643 282 669 nutricem
306 644 437 669 maiorem
462 643 568 672 domus,
593 643 739 677 virginem,
764 643 885 675 viduam,
912 644 1085 676 maritatamq
1111 652 1165 669 non
1187 647 1230 670 est
1249 648 1306 670 tam
1324 645 1482 673 inhumana.
1508 649 1538 671 ut
1556 646 1660 671 nullum
1677 650 1792 680 practer

143 701 171 723 te
203 697 319 729 habeat,
351 697 396 722 cui
427 706 456 723 sc
490 697 594 723 debeat
623 697 752 723 credere.
808 696 915 723 Caveto
945 705 1041 723 omnes
1073 697 1259 731 suspitionem
1294 702 1322 723 et
1354 698 1488 732 quicquid
1516 699 1700 732 probabiliter
1724 699 1790 732 fingi

142 754 249 784 potest,
274 759 309 776 ne
334 749 466 784 fingatur,
492 754 557 776 ante
583 750 689 776 devita.
737 749 844 776 Crebra
875 750 1039 776 munuscula
1072 754 1100 776 et
1132 751 1271 777 sudariola
1296 755 1323 777 et
1349 751 1477 777 fasciolas
1503 756 1531 777 et
1556 756 1650 778 vestes
1675 753 1713 778 ori
1739 753 1789 778 ad-

141 803 260 838 plicatas
287 807 314 830 ct
339 803 449 830 oblatas
473 812 505 829 ac
530 803 696 837 degustatos
721 803 797 829 cibos
823 803 998 838 blandasque
1033 808 1060 831 et
1092 804 1190 830 dulces
1220 804 1332 831 litteras
1363 808 1476 831 sanctus
1507 814 1583 831 amor
1613 814 1668 831 non
1692 806 1788 831 hahet.

142 857 199 883 Mel
224 866 326 889 meum,
359 857 454 883 lumen
485 865 576 883 meum
606 865 756 891 meumque
789 857 959 883 desiderium
986 856 1113 883 Christus
1145 861 1198 884 est.
1245 855 1357 884 Natusl
1388 859 1415 884 in
1447 867 1573 892 paupere
1604 859 1684 884 domo
1710 862 1736 884 ct
1763 859 1788 884 in

140 910 253 945 tugurio
277 910 429 942 rusticano,
454 910 502 944 qui
525 910 569 935 vix
593 909 668 936 milio
694 913 722 936 et
747 910 850 936 cibario
875 920 948 944 pane
973 911 1132 945 rugientem
1157 912 1259 937 satiare
1284 915 1412 938 ventrem
1436 916 1573 946 poteram,
1604 921 1676 937 nunc
1701 912 1790 938 simila

141 967 169 989 et
193 963 278 989 mella
302 963 426 989 fastidio.
474 963 544 989 Novi
580 967 608 989 et
640 972 747 998 genera
778 967 807 990 et
831 964 943 990 nomina
965 964 1093 998 piscium,
1125 965 1151 990 in
1185 974 1238 999 quo
1263 965 1344 991 litore
1371 974 1457 991 conca
1479 965 1555 991 lecta
1581 965 1646 997 sint,
1680 965 1785 992 calleo:

139 1017 284 1051 saporibus
308 1017 399 1043 avium
423 1017 552 1043 discerno
576 1017 729 1051 provintias
761 1021 790 1043 et
822 1017 945 1043 ciborum
975 1027 1018 1044 me
1050 1018 1149 1044 raritas
1180 1027 1211 1044 ac
1242 1018 1389 1044 novissime
1421 1019 1521 1044 damna
1544 1019 1606 1052 ipsa
1630 1018 1785 1045 delectant.

139 1070 183 1096 Tu
208 1070 321 1105 quidem
345 1070 452 1096 divinas
475 1070 632 1104 scripturas
652 1071 766 1105 saepius
789 1070 865 1105 lege,
898 1071 977 1097 immo
1010 1080 1159 1106 numquam
1192 1072 1226 1097 dc
1255 1072 1382 1097 manibus
1406 1071 1461 1097 tuis
1486 1080 1565 1098 sacra
1588 1072 1673 1098 lectio
1698 1072 1785 1106 depo-

138 1127 230 1150 natur.
278 1124 363 1150 Disce
393 1124 467 1158 quod
499 1124 617 1156 doecas;
649 1124 745 1150 obtine
779 1133 853 1155 eum,
885 1125 933 1158 qui
964 1125 1118 1150 secundum
1149 1125 1302 1151 doctrinam
1328 1129 1381 1153 est.
1414 1125 1528 1151 fidelem
1557 1135 1722 1158 sermonem,
1756 1131 1785 1152 ut
1806 1131 1936 1154 offritho.

137 1177 226 1211 possis
252 1177 391 1203 exhortari
416 1177 443 1203 in
468 1177 596 1203 doctriua
620 1186 688 1204 sana
712 1182 740 1203 ct
766 1178 993 1204 contradicentes
1018 1179 1174 1204 revincere.
1215 1178 1352 1205 Permane
1378 1179 1405 1204 in
1430 1179 1483 1211 his,
1509 1188 1581 1213 quac
1607 1179 1728 1205 didicisti
1754 1189 1785 1205 ac

137 1230 246 1257 credita
270 1234 334 1256 sunt
360 1231 421 1262 tibi,
453 1231 554 1262 sciens,
587 1240 604 1257 a.
628 1239 682 1265 quo
714 1231 855 1263 didiceris,
886 1235 1001 1266 paratus
1032 1240 1144 1265 semper
1174 1232 1209 1257 ad
1241 1232 1461 1258 satisfactionem
1491 1233 1564 1258 omni
1596 1233 1724 1267 poscenti
1756 1237 1784 1259 te

136 1284 272 1310 rationem
294 1284 328 1309 dc
347 1293 390 1316 ea,
417 1293 471 1318 que
496 1284 524 1310 in
548 1288 577 1310 te
603 1288 657 1317 est,
681 1293 742 1318 spe.
779 1284 841 1310 Non
867 1285 1039 1311 confundant
1065 1294 1154 1319 opera
1177 1294 1333 1311 sermonem
1358 1289 1446 1315 tumn,
1472 1295 1518 1315 nc,
1539 1295 1600 1312 cum
1619 1287 1645 1312 iu
1665 1286 1786 1313 ecclesia

136 1336 269 1371 loqueriS,
301 1337 404 1363 tacitus
436 1337 556 1372 quilibet
587 1338 772 1372 respondeat:
807 1337 1071 1372 ‘Cure1-gohaev,
1104 1347 1175 1372 quac
1208 1339 1287 1371 dicis,
1319 1339 1378 1373 ipse
1406 1348 1461 1365 non
1486 1339 1589 1365 facis?
1637 1340 1785 1366 Delicatus

136 1390 269 1424 magister
301 1394 343 1417 est
373 1391 420 1425 qui
444 1391 529 1425 pleno
553 1394 652 1417 ventre
678 1392 714 1417 dc
740 1391 849 1417 ieiuniis
874 1392 1011 1426 disputat.
1058 1392 1200 1418 Accusare
1225 1392 1370 1418 avaritiam
1396 1396 1423 1418 et
1449 1393 1519 1419 latro
1543 1396 1648 1427 potest.
1685 1392 1782 1419 Sacer-

136 1443 208 1470 dotis
234 1443 338 1470 Christi
363 1453 393 1470 os
418 1453 478 1470 cum
503 1448 598 1471 mente
624 1445 786 1471 concordet.
834 1445 902 1471 Esto
934 1445 1078 1471 subiectus
1109 1445 1235 1480 pontiflci
1266 1449 1314 1471 tuo
1347 1450 1376 1472 et
1401 1446 1479 1479 quasi
1504 1447 1611 1472 animae
1637 1451 1783 1481 parentem

135 1498 257 1532 suscipe.
305 1497 408 1524 Amare
433 1497 561 1527 filiorum.
587 1498 686 1524 timere
712 1507 853 1524 servorum
879 1502 932 1524 est.
982 1498 1014 1525 Si
1033 1502 1119 1534 pater
1142 1508 1211 1531 sunl,
1236 1499 1338 1533 inquit,
1371 1498 1415 1525 ubi
1438 1503 1476 1525 est
1500 1499 1589 1527 honor
1613 1499 1712 1528 meus?
1754 1500 1786 1526 Sl
1805 1509 1949 1532 Malach.i,··›.

136 1550 274 1578 Donu'nzts
299 1560 347 1588 eqo
371 1561 439 1584 snm,
466 1551 511 1578 ubi
533 1555 573 1578 est
594 1551 677 1578 timor
700 1551 796 1578 meus?
841 1550 966 1578 ΜοΙίιιΞ2
991 1556 1044 1583 cst,
1077 1552 1232 1585 karissime,
1262 1562 1317 1578 non
1341 1553 1446 1579 habere
1472 1554 1546 1587 quod
1571 1554 1677 1580 tribuas
1703 1563 1784 1587 quam

135 1604 308 1638 inpudenter
331 1608 431 1639 petere
457 1605 533 1639 quod
557 1606 617 1631 des.
662 1604 719 1632 Sed
745 1609 774 1631 et
798 1614 888 1640 genus
912 1606 1090 1640 arrogantiae
1117 1610 1160 1631 est
1185 1605 1394 1632 clementiorem
1420 1611 1449 1633 te
1474 1607 1548 1633 vello
1573 1607 1672 1639 videri,
1702 1616 1783 1641 quam

134 1658 262 1692 pontifex
288 1657 392 1684 Christi
418 1662 470 1685 cst.
519 1656 604 1685 ’.Νόη3
628 1659 719 1685 omnia
742 1667 888 1693 possumus
913 1668 1018 1685 omnes.
1066 1659 1146 1685 Alius
1172 1659 1199 1685 in
1224 1659 1345 1686 ecclesia
1369 1660 1465 1686 oculus
1491 1664 1544 1688 est,
1576 1661 1646 1687 alius
1677 1660 1783 1695 lingua,

135 1711 206 1737 alius
230 1720 338 1743 manus,
363 1711 434 1737 alius
457 1721 519 1746 pes,
543 1712 628 1740 auris.
653 1715 755 1738 venter
780 1716 808 1738 et
834 1717 939 1738 cetera.
978 1712 1057 1746 Lege
1075 1712 1193 1738 Paulum
1217 1713 1252 1738 ad
1270 1712 1438 1745 Corinthios,
1464 1714 1511 1739 uhi
1533 1714 1644 1741 diversa
1660 1714 1784 1740 membra
1803 1713 1915 1758 “ig-lgm*-

135 1773 219 1790 unum
245 1774 345 1799 corpus
371 1764 509 1791 efficiunt.
557 1765 617 1791 Nec
641 1766 762 1791 rusticus
787 1768 816 1791 et
841 1765 958 1799 simplex
982 1765 1072 1791 frater
1095 1766 1159 1792 ideo
1184 1775 1214 1792 se
1240 1771 1366 1792 sanctum
1391 1770 1484 1801 putet.
1517 1767 1539 1793 si
1569 1767 1637 1793 nihil
1661 1768 1781 1799 noverit,
1849 1755 1854 1763 ⁷

135 1827 187 1843 nce
211 1818 321 1852 peritus
347 1822 376 1845 et
402 1818 537 1853 eloquens
561 1818 658 1853 lingua
683 1819 823 1844 existimet
848 1819 1038 1849 sanctitatem,
1070 1819 1214 1853 multoque
1245 1819 1345 1846 melius
1378 1824 1420 1846 est
1446 1829 1460 1846 e
1486 1820 1594 1846 duobus
1618 1821 1783 1855 inperfectis

135 1871 322 1898 rusticitatem
346 1871 453 1898 habere
478 1876 604 1898 sanctam
628 1881 711 1906 quam
736 1872 927 1906 eloquentiam
950 1872 1149 1906 peccatricem.
1186 1873 1268 1898 Multi
1286 1873 1437 1899 aedificant
1454 1874 1578 1908 parietes
1596 1878 1624 1900 et
1641 1874 1782 1900 columnas

136 1924 273 1951 ecclesiae
299 1925 486 1958 subtrahunt3
518 1934 655 1951 marmora
677 1926 781 1957 nitent,
813 1934 880 1951 auro
904 1925 1057 1959 splendent
1082 1925 1236 1960 laquearia,
1268 1927 1384 1961 gemmis
1409 1927 1497 1953 altare
1523 1928 1719 1962 distinguitur:
1754 1932 1782 1954 ct

135 1978 323 2005 ministrorum
347 1977 451 2004 Christi
476 1978 553 2004 nulla.
584 1978 687 2005 electio
719 1982 772 2005 cst.
820 1976 924 2005 Num-4
955 1988 1022 2005 vero
1051 1983 1195 2013 portemus
1227 1988 1337 2006 crucem
1363 1979 1466 2006 Christi
1497 1984 1525 2007 et
1558 1981 1669 2006 divitias
1694 1981 1781 2006 lutum

135 2031 307 2065 putabimus.
345 2031 419 2062 Quid
443 2032 584 2060 miramur.
609 2032 684 2066 quod
701 2031 828 2058 Christus
853 2035 934 2058 voc-at
959 2033 1083 2067 iniquum
1107 2033 1283 2059 mammona?
1321 2034 1394 2064 Quid
1419 2034 1583 2068 suspicimus
1609 2039 1636 2060 ct
1662 2043 1783 2060 amamus
1804 2043 1962 2062 cr.1„ue.16.11.

241 2171 361 2195 XCIIII.
392 2173 403 2196 1
427 2171 580 2196 huiusmodi
594 2171 625 2196 L.
681 2173 696 2196 ‘2
716 2169 867 2202 infirmitas]
881 2172 992 2196 firmitas
1006 2168 1037 2196 B.
1095 2174 1109 2196 3
1131 2172 1288 2197 elimosinae
1303 2173 1333 2201 L,
1355 2173 1503 2198 elemosina
1516 2174 1548 2202 B,
1570 2174 1734 2198 elemosinae
1748 2175 1785 2198 .l[.

135 2216 150 2239 5
170 2212 280 2246 habeto]
300 2216 388 2240 habeo
409 2215 440 2240 B.
515 2216 530 2240 6
551 2215 683 2240 accolitus
704 2213 741 2240 Μ.
816 2220 947 2247 sequatur
966 2216 1002 2240 ΔΙ.
1078 2221 1209 2241 ornentur
1228 2217 1259 2241 B.
1280 2217 1316 2241 M.
1391 2219 1404 2242 7
1425 2218 1584 2250 puditiciam
1606 2219 1637 2242 B.
1704 2218 1783 2250 polli-

135 2263 232 2284 centur
251 2259 283 2284 15.
374 2261 389 2284 8
417 2258 526 2291 arbitre]
555 2261 656 2284 arbitro
683 2268 695 2284 ε
720 2269 783 2285 corr.
811 2260 846 2284 M.
941 2262 973 2285 10
1001 2260 1103 2285 Cavete
1130 2261 1163 2285 B.
1257 2263 1285 2286 11
1315 2262 1439 2286 t'astiolas
1465 2262 1497 2287 B.
1589 2263 1733 2295 adplicitas
1753 2263 1785 2287 ΙΙ.

137 2305 168 2328 12
189 2303 296 2329 oblatos
317 2304 348 2328 B.
430 2306 462 2328 14
482 2304 597 2329 similam
617 2305 654 2329 M.
735 2306 766 2329 15
788 2304 868 2329 melle
889 2305 920 2329 R.
1001 2305 1101 2330 fastido
1122 2306 1158 2330 Μ.
1239 2307 1309 2330 Novi
1331 2304 1364 2337 et]
1384 2307 1453 2331 Novi
1473 2306 1504 2331 L.
1580 2308 1611 2331 16
1631 2316 1727 2339 sapore
1747 2305 1785 2331 M.

135 2357 176 2373 me
198 2346 304 2379 raritas]
333 2350 443 2373 meritas
463 2349 494 2373 L.
586 2350 702 2381 dampna
722 2349 754 2373 Β.
848 2350 880 2373 18
901 2346 971 2380 eum]
993 2357 1050 2374 eam
1070 2349 1103 2373 B.
1197 2351 1228 2374 19
1249 2351 1368 2374 exortari
1388 2350 1418 2375 L.
1439 2351 1471 2375 B.
1563 2360 1594 2375 ac
1619 2350 1732 2383 credita]
1754 2361 1785 2376 ea

136 2393 223 2417 redita
243 2393 275 2419 B.
368 2394 398 2418 21
422 2391 465 2423 ne]
486 2402 535 2417 nec
556 2394 588 2418 B.
609 2394 645 2418 ill.
737 2394 769 2418 22
790 2391 899 2424 tacitus]
919 2394 1012 2418 tatitus
1032 2393 1064 2418 B.
1151 2393 1294 2426 Deligatus
1315 2395 1345 2419 L.
1435 2396 1467 2420 23
1488 2393 1596 2427 icuniis]
1616 2397 1732 2427 geiuniis
1754 2397 1785 2421 l).

135 2437 287 2462 Accussare
305 2437 333 2466 L,
355 2438 475 2462 Acusare
490 2437 521 2462 B.
583 2438 745 2462 Sacerdotes
766 2438 798 2462 B.
860 2439 893 2462 24
914 2435 984 2468 cum]
1000 2446 1059 2462 com
1081 2437 1111 2462 L.
1168 2440 1200 2463 25
1221 2437 1275 2470 ubi]
1289 2440 1354 2463 hubi
1373 2440 1412 2464 hic
1430 2444 1453 2464 et
1470 2435 1543 2472 infra
1564 2440 1594 2465 B.
1651 2442 1683 2465 26
1704 2442 1783 2465 caris-

135 2483 201 2506 sime
222 2482 253 2506 lt.
319 2483 351 2506 27
373 2483 518 2514 arroganti.
539 2490 597 2506 esse
617 2482 650 2507 B.
713 2482 784 2507 velle
805 2479 902 2512 videri]
924 2483 1011 2506 videri
1031 2482 1101 2507 velle
1121 2483 1157 2507 Μ.
1222 2484 1255 2508 30
1275 2488 1353 2516 putet
1373 2482 1405 2515 si]
1427 2485 1548 2516 disputet
1567 2485 1599 2509 B.
1660 2487 1693 2509 32
1713 2486 1785 2510 aedi<

136 2523 225 2557 fleant]
246 2526 354 2551 edicant
374 2526 406 2550 B.
487 2527 519 2551 33
539 2527 682 2551 subn-aunt
702 2527 732 2551 L.
810 2524 963 2559 splendent]
983 2526 1072 2559 splent
1092 2527 1125 2552 B.
1205 2529 1237 2552 35
1258 2536 1383 2553 mamona
1402 2528 1434 2553 Β.
1508 2525 1680 2561 suspicimus]
1701 2531 1783 2554 susci-

136 2571 224 2602 pimus
244 2570 276 2595 B.

248 2688 275 2722 1)
301 2687 500 2723 Hieronymus,
519 2687 650 2724 Epistola
667 2688 708 2715 ad
724 2687 930 2724 Nepotianunu
956 2688 1030 2725 opp.
1048 2689 1072 2723 J,
1090 2690 1150 2718 259
1163 2699 1204 2726 sq.
1277 2690 1306 2723 2)
1332 2690 1399 2723 1b.;
1424 2691 1442 2717 l.
1460 2691 1477 2717 l.
1496 2690 1519 2724 J,
1535 2692 1606 2719 262.
1679 2690 1709 2723 3>
1738 2690 1785 2717 Ea:

138 2740 246 2769 Lucilio
253 2751 263 2774 ‚-
294 2741 334 2776 qs.
361 2740 502 2768 Macrobii
525 2740 694 2768 Saturnalia
716 2740 764 2774 VI,
782 2742 809 2774 1,
826 2742 873 2770 35.
966 2741 996 2775 4)
1023 2742 1222 2778 Hieronymus,
1255 2743 1386 2780 Epistola
1410 2744 1451 2771 ad
1472 2743 1677 2779 Nepotianum:
1711 2743 1782 2780 ΟΜ).

137 2793 161 2828 I,
185 2795 256 2823 263.

1520 2853 1570 2881 47*
