2242 3085
550 115 601 142 39.
638 115 853 142 CONCILIUM
877 116 1204 147 AQUISGRANENSE
1229 118 1265 144 A.
1287 118 1359 145 816.
1712 117 1774 146 319

130 215 178 249 qui
202 214 271 241 baec
297 213 446 248 exquirunt
475 214 635 246 advertant,
667 213 733 248 quid
764 213 800 239 sit
830 213 905 239 inter
935 214 1004 240 illud
1035 215 1230 249 propheticum
1254 216 1442 242 velamentum
1475 221 1502 242 et
1533 217 1604 243 hanc
1635 218 1774 249 evangelii

129 267 342 300 revelationem,
374 267 409 293 de
443 276 498 300 qua
528 267 595 293 dicit
626 266 784 301 apostolus:
819 264 886 293 Cum
918 267 1066 293 transieris
1094 268 1135 294 ad
1158 266 1305 301 Christmn,
1338 269 1488 303 (afferetur
1510 270 1645 296 velamant
1693 271 1774 301 Quod
1794 275 1943 299 2.Co1-.8‚16.

129 324 225 347 autem
255 319 432 355 significabat
463 319 591 346 velamen
623 320 819 354 interpositum
851 320 926 346 inter
956 320 1056 346 faciem
1080 321 1170 355 Moysi
1203 326 1232 347 et
1263 326 1408 356 aspectum
1446 323 1540 357 populi
1571 323 1687 354 Israhel,
1723 323 1774 349 hoc
1794 328 1926 348 εῑ.11>.3,13Δ

129 372 306 408 significabat
330 373 383 399 illis
408 373 580 407 temporibus
606 372 689 398 etiam
714 381 792 398 coma
815 376 983 398 sanctorum.
1020 373 1090 399 Nam
1117 377 1145 400 et
1169 375 1312 408 apostolus
1337 384 1441 401 comam
1462 385 1510 410 pro
1528 376 1687 402 velamento
1713 385 1774 402 esse
1794 376 1910 422 fill-401&

97 429 109 447 ⁵
129 427 207 453 dicit.
244 426 365 452 Proinde
383 426 435 452 iam
459 435 515 451 non
539 429 662 460 oportet,
688 429 719 451 ut
743 425 874 451 velentur
898 426 1019 451 crinibus
1044 427 1138 461 capita
1162 436 1266 459 eorum,
1292 429 1338 462 qui
1356 429 1474 455 Domino
1491 434 1700 461 consecrantur,
1725 430 1773 457 sed
1822 417 1826 427 Ι
1865 417 1869 422 ’
1907 420 1910 423 .

128 482 249 511 tantum,
273 483 305 505 ut
329 479 503 512 revelentur,
535 479 601 513 quia
631 479 705 512 quod
733 482 793 505 erat
817 479 956 505 occultum
981 479 1008 504 in
1033 483 1208 506 sacramento
1232 481 1399 514 prophetiae
1424 482 1476 507 iam
1501 483 1528 508 in
1553 483 1699 517 evangelio
1724 483 1773 509 de-

127 532 263 559 claratum
287 536 340 559 est.

235 590 276 621 ῙῙ.
314 590 415 621 Item
440 588 609 620 Esidori
634 588 680 619 de
706 589 908 620 ostiariis.
948 592 1083 620 Ostiarii1
1107 599 1182 627 sunt,
1209 595 1255 629 qui
1280 595 1307 621 in
1330 596 1420 622 veteri
1446 600 1617 623 testamento
1642 598 1774 624 ianitores
1795 598 1910 643 “sssf->⁴585

128 648 227 682 templi
251 648 433 680 vocabantur,
460 647 507 681 qui
530 650 683 681 praeerant
707 647 794 681 portis
812 647 989 674 Hierusalem
1007 648 1111 682 quique
1129 649 1249 674 ordinati
1274 657 1325 683 per
1341 649 1416 675 vices
1441 659 1503 675 suas
1528 651 1618 677 omnia
1643 652 1775 678 interiora
1821 637 1853 649 Β-.
1876 640 1881 646 .

84 708 109 726 10
128 701 227 736 templi
243 701 288 727 vel
307 701 446 727 exteriora
470 700 679 726 custodiebant.
715 700 751 726 Hi
776 700 899 734 denique
923 701 998 727 inter
1021 704 1146 727 sanctum
1172 705 1201 728 et
1225 702 1349 736 iniquum
1374 703 1568 729 discernentes
1594 712 1641 729 eos
1665 708 1773 730 tantum

127 754 156 780 in
182 754 311 787 eeclesia,
338 754 383 788 qui
408 756 473 779 sunt
497 752 608 786 fideles,
634 753 784 787 recipiunt.
820 753 929 780 Intrare
948 754 1020 780 enim
1037 754 1173 788 templum
1190 755 1241 780 nisi
1258 764 1310 789 per
1326 755 1375 781 hos
1392 765 1446 781 non
1466 765 1621 790 possumus.
1659 757 1773 783 Habent

128 807 202 834 enim
226 810 399 842 potestatem
422 810 478 833 tam
502 806 590 833 bonos
614 807 770 841 reeipiendi
795 816 877 841 quam
901 807 1035 833 reiciendi
1059 808 1196 842 indignos.

234 864 292 895 ffl.
330 864 430 895 Item
461 863 629 894 Esidori
661 863 707 894 de
740 863 982 895 lectoribus.
1032 868 1204 896 Lectorum2
1232 871 1299 896 ordo
1331 870 1445 897 formam
1478 875 1506 897 et
1538 872 1645 897 initium
1670 882 1773 907 apro-

126 923 221 957 phetis
252 922 372 957 aceepit.
420 921 492 948 Sunt
522 921 609 956 igitur
638 922 770 953 lectores,
803 922 849 956 qui
880 923 996 949 verbum
1022 923 1076 949 Dei
1107 924 1283 957 praedicant,
1316 924 1417 958 quibus
1449 925 1565 951 dicitur:
1601 924 1709 958 Clmaeza,
1742 935 1776 952 ne
1795 934 1895 958 issar

83 981 107 1000 15
127 985 230 1009 cesse&
254 975 336 1012 quasi
359 974 422 1001 tuba
447 975 543 1002 exalta
566 984 657 1001 vocem
683 979 767 1002 tumn.
810 975 859 1001 Isti
883 976 987 1010 quippe
1014 977 1078 1002 dum
1102 977 1277 1009 ordinantur,
1302 977 1419 1011 primum
1444 978 1479 1003 de
1505 987 1600 1004 eorum
1625 988 1773 1005 conversa-

127 1029 202 1055 tione
229 1029 378 1063 episcopus
402 1029 518 1055 verbum
542 1028 610 1054 facit
635 1028 670 1054 ad
695 1028 838 1063 populum.
884 1029 994 1055 Deinde
1020 1038 1111 1055 coram
1135 1030 1220 1064 plebe
1245 1031 1332 1056 tradit
1357 1031 1397 1057 eis
1422 1032 1545 1057 codicem
1569 1032 1678 1066 apicum
1703 1033 1773 1058 divi-

125 1091 223 1108 norum
254 1083 289 1108 ad
313 1082 368 1108 Dei
392 1082 508 1108 verbum
540 1082 770 1108 adnuntiandum.
820 1082 874 1112 Qui
905 1086 999 1108 autem
1031 1083 1066 1108 ad
1096 1083 1254 1110 huiusmodi
1284 1084 1448 1118 provehitur
1477 1085 1603 1119 gradum,
1636 1086 1689 1111 iste
1722 1086 1773 1111 erit

126 1135 254 1161 doctrina
279 1139 307 1162 et
331 1135 408 1161 libris
434 1135 547 1161 inbutus
572 1144 761 1169 sensuumque
786 1144 818 1161 ac
843 1136 990 1162 verborum
1015 1137 1133 1162 scientia
1155 1140 1332 1171 perornatuS,
1358 1138 1398 1163 ita
1414 1138 1640 1164 distinctionibus
1657 1142 1772 1165 senten-

126 1189 227 1215 tiarum
252 1189 413 1222 intellegat,
438 1189 486 1215 ubi
510 1188 624 1214 finiatur
648 1189 787 1220 iunctura,
812 1189 858 1215 ubi
876 1189 966 1215 adhuc
982 1190 1108 1223 pendeat
1125 1191 1224 1223 oratio,
1248 1191 1296 1216 ubi
1313 1191 1457 1217 sententia
1474 1195 1599 1217 extrema
1616 1192 1772 1218 claudatur.

80 1247 107 1266 20
126 1241 229 1277 Sicque
255 1242 405 1277 expeditus
430 1242 483 1268 vim
507 1242 742 1276 pronuntiationis
767 1242 889 1274 tenebit,
921 1246 951 1268 ut
976 1243 1011 1269 ad
1035 1243 1212 1269 intellectum
1236 1244 1356 1269 omnium
1380 1248 1491 1269 mentes
1515 1253 1684 1279 sensumque
1708 1255 1771 1279 pro-

125 1299 245 1327 moveat,
281 1296 467 1322 discernendo
491 1304 597 1329 genera
621 1295 879 1329 pronuntiationum
910 1300 996 1330 atquc
1030 1297 1210 1330 exprimendo
1241 1297 1368 1331 proprios
1404 1298 1608 1324 sententiarum
1643 1298 1772 1325 affectus.

125 1349 206 1375 modo
237 1349 385 1375 indicantis
417 1357 497 1377 voce,
533 1349 614 1374 modo
645 1348 778 1381 dolentis,
811 1350 891 1375 modo
923 1350 1105 1383 increpantis,
1137 1350 1218 1376 modo
1251 1351 1403 1376 exortantis
1435 1351 1492 1377 sive
1526 1351 1567 1377 his
1598 1352 1697 1378 similia
1727 1362 1771 1378 se-

124 1402 244 1428 eundum
279 1411 368 1436 genus
402 1402 531 1436 propriae
565 1402 810 1436 pronuntiationis.
867 1402 898 1428 In
932 1412 987 1436 quo
1019 1403 1106 1437 magis
1139 1403 1187 1429 illa
1217 1404 1348 1438 ambigua
1378 1405 1581 1430 sententiarum
1612 1405 1773 1431 adhibenda

124 1455 246 1489 cognitio
279 1460 332 1482 est.
380 1455 472 1481 Multa
502 1455 575 1481 enim
606 1455 633 1480 in
665 1455 811 1489 seripturis
842 1458 917 1489 sunt,
950 1465 1033 1490 quae,
1066 1456 1118 1482 nisi
1142 1457 1254 1490 proprio
1285 1457 1367 1483 modo
1390 1458 1619 1491 pronuntientur,
1651 1459 1678 1484 in
1706 1468 1769 1485 con-

78 1514 104 1532 25
124 1509 236 1534 trariam
267 1509 406 1535 recedunt
438 1509 619 1541 sententiam,
649 1509 731 1534 sicuti
758 1512 817 1534 est:
853 1508 923 1539 Quis
953 1509 1096 1536 accusavit
1123 1510 1259 1536 [alvers-us
1283 1510 1379 1537 electos
1404 1510 1480 1536 Dei?
1516 1510 1601 1544 Deus,
1627 1511 1771 1547 qzu',t‘ztsti-
1791 1512 1881 1556 {guz-48,

115 1561 219 1599 ficas&
252 1562 384 1596 quodque
416 1562 438 1588 si
471 1561 671 1594 confirmative,
704 1571 757 1588 non
790 1565 900 1589 servato
932 1571 1038 1597 genere
1063 1564 1298 1597 pronuntiationis
1326 1573 1393 1590 suae
1425 1564 1544 1596 dicatur,
1576 1574 1676 1599 magna
1706 1575 1769 1599 per-
1827 1554 1831 1558 '

123 1615 241 1641 versitas
267 1616 363 1641 oritur.
412 1614 457 1641 Sic
490 1624 555 1650 ergo
580 1615 815 1649 pronuntiandum
841 1619 894 1647 est,
926 1616 982 1642 acsi
1007 1617 1132 1643 diceret:
1166 1617 1303 1649 ‘Deusne‚
1329 1618 1375 1651 qui
1400 1617 1575 1650 iustificat‘f,
1605 1619 1772 1644 subauditur

124 1668 218 1694 ‘Non'.
256 1669 379 1695 Necesse
405 1672 448 1694 est
474 1677 539 1703 ergo
564 1669 591 1694 in
616 1669 702 1695 tantis
726 1669 810 1695 rebus
836 1669 971 1695 scientiae
996 1670 1149 1704 ingenium,
1175 1679 1230 1704 quo
1254 1671 1366 1705 proprie
1385 1671 1494 1705 singula
1511 1672 1770 1706 convenienterque

122 1723 350 1756 pronuntientur.
397 1722 555 1756 Propterea
580 1725 608 1748 et
633 1726 799 1748 accentuum
824 1723 877 1748 vim
901 1726 1013 1757 oportet
1037 1723 1173 1750 lectorem
1198 1724 1279 1756 seire,
1311 1728 1343 1749 ut
1372 1725 1491 1757 noverit,
1525 1725 1551 1750 in
1584 1734 1639 1759 qua
1663 1725 1771 1760 syllaba

76 1784 103 1803 ³0
122 1783 174 1802 vox
198 1776 385 1809 protendatur
408 1775 625 1810 pronuntiantis.
673 1776 842 1810 Plerumque
869 1777 941 1802 enim
965 1777 1086 1811 imperiti
1111 1777 1233 1803 lectores
1258 1778 1285 1803 in
1310 1778 1456 1804 verborum
1486 1779 1650 1804 accentibus
1676 1784 1769 1805 errant

123 1832 152 1855 et
176 1829 268 1855 solent
292 1829 414 1855 inridere
439 1838 489 1855 nos
506 1829 662 1863 imperitiae
687 1829 725 1862 hi,
752 1829 799 1863 qui
817 1829 948 1855 videntur
964 1830 1069 1856 habere
1087 1831 1225 1863 notitiam,
1251 1831 1435 1857 detrahentes
1454 1835 1482 1857 ct
1500 1832 1623 1858 iurantes
1641 1833 1769 1866 paenitus

121 1890 171 1908 nos
202 1882 310 1908 nescire
343 1883 417 1916 quod
448 1883 573 1908 dicimus.
621 1882 706 1908 Porro
738 1891 789 1908 vox
819 1882 932 1908 lectoris
964 1883 1081 1917 simplex
1114 1884 1166 1909 erit
1192 1887 1221 1909 et
1245 1884 1329 1917 clara,
1361 1885 1396 1910 ad
1428 1894 1507 1910 omne
1536 1886 1769 1919 pronuntiationis

120 1945 210 1970 genus
235 1936 452 1968 accommodata,
478 1936 563 1970 plena
587 1945 653 1962 suco
678 1936 758 1969 virili,
785 1941 926 1971 agrestem
952 1941 981 1963 et
1005 1937 1191 1963 subrusticum
1217 1937 1356 1972 effugiens
1381 1947 1487 1970 sonum,
1512 1947 1566 1964 non
1591 1939 1699 1964 humilis
1717 1948 1768 1964 nec

121 1989 194 2015 adeo
218 1989 353 2021 sublimis,
384 1998 439 2015 non
464 1989 554 2015 fracta
578 1989 623 2016 vel
647 1993 747 2016 tenera
770 1990 895 2024 nihilque
920 1990 1089 2016 facmineum
1114 1999 1214 2016 sonans
1238 1999 1332 2025 neque
1357 2000 1418 2017 cum
1449 1995 1524 2017 motu
1556 1992 1687 2026 corporis,
1719 1993 1767 2017 sed

75 2045 231 2069 astantum
263 2052 323 2068 cum
354 2043 500 2076 gravitatis
532 2043 638 2077 speeie.
687 2043 810 2069 Auribus
842 2044 914 2069 enim
945 2047 974 2069 ct
999 2044 1074 2069 cordi
1099 2044 1244 2070 consulere
1270 2045 1357 2070 debet
1389 2044 1487 2076 lector,
1520 2054 1573 2071 non
1604 2045 1700 2074 oculis,
1733 2055 1767 2071 ne

120 2096 214 2130 potius
239 2105 272 2122 ex
296 2105 326 2121 se
352 2096 411 2130 ipso
436 2099 633 2130 expectatores
657 2097 744 2130 magis
770 2106 851 2130 quam
869 2097 1012 2123 auditores
1028 2097 1124 2123 faciat.
1158 2097 1250 2123 Vetus
1267 2098 1360 2131 opinio
1378 2102 1420 2123 est
1438 2099 1550 2124 lectoris
1568 2099 1766 2132 pronuntiandi

120 2158 205 2175 causa
228 2149 407 2183 praecipuam
432 2158 525 2175 curam
549 2150 623 2175 vocis
647 2149 790 2182 habuisse,
815 2153 846 2176 ut
872 2150 996 2176 exaudiri
1020 2151 1047 2176 in
1072 2151 1193 2176 tumultu
1218 2151 1315 2185 possit.
1351 2151 1435 2178 Unde
1463 2155 1491 2177 et
1516 2152 1619 2177 dudum
1645 2152 1766 2177 lectores

120 2211 275 2236 praecones
299 2202 343 2228 vel
368 2202 585 2237 proclamatores
611 2203 792 2229 vocabantur.

229 2333 247 2358 1.
277 2334 292 2357 2
312 2334 472 2357 transieritis
493 2332 528 2357 M.
598 2335 612 2357 3
633 2331 747 2364 Israhel]
770 2330 818 2359 Isri
839 2334 936 2365 saepius
955 2334 1024 2358 codd.

72 2388 100 2407 40
226 2387 264 2410 11.
293 2387 308 2409 8
329 2387 427 2411 Isidori
446 2386 485 2410 liic
503 2391 525 2410 et
545 2386 615 2419 infra
634 2387 670 2410 111.
763 2388 777 2410 9
805 2387 980 2418 Hyerusalem
1003 2387 1033 2411 Ie'.
1128 2390 1155 2411 11
1186 2385 1245 2418 hos]
1271 2388 1308 2412 ita
1327 2388 1357 2417 L,
1388 2389 1486 2413 ostium
1508 2392 1543 2418 M,
1574 2389 1690 2414 hostium
1711 2391 1763 2414 rell.

121 2431 152 2455 12
172 2428 312 2461 reiciendi]
333 2431 481 2462 recipiendi
501 2440 563 2455 corr.
584 2431 728 2463 respuendi
751 2431 780 2455 L.

225 2484 278 2508 111.
310 2485 340 2508 13
362 2484 461 2507 Isidori
482 2484 512 2507 Ji.
532 2484 568 2508 M.
656 2485 686 2511 17,
707 2485 843 2515 proveitur
863 2484 894 2508 B.
983 2486 1013 2509 18
1034 2482 1075 2516 ae]
1096 2486 1145 2509 hae
1165 2485 1197 2509 Β.
1285 2487 1316 2510 19
1337 2484 1433 2517 oratioj
1456 2487 1561 2511 horatio
1582 2488 1613 2511 R.
1707 2488 1761 2511 clu-

117 2528 196 2552 datur
218 2528 245 2552 L.
319 2529 348 2553 21
373 2529 495 2560 proprios
515 2526 718 2558 sententiarum]
741 2529 935 2553 sententiarum
956 2530 1078 2561 proprios
1099 2530 1130 2553 B.
1214 2531 1246 2554 2⁴2.
1267 2530 1433 2555 exhortantis
1455 2531 1489 2555 M.
1569 2533 1601 2555 2¹5
1622 2533 1762 2556 accusabit

117 2572 139 2596 L
159 2571 181 2602 (e
199 2571 281 2602 curru).
303 2573 338 2596 M.
399 2573 432 2597 26
452 2570 586 2603 quodque]
606 2572 678 2603 quod
698 2573 734 2596 All.
795 2571 989 2604 confirmative]
1012 2574 1170 2598 affirmative
1190 2574 1225 2598 M.
1283 2576 1314 2599 27
1336 2573 1457 2607 Deusne]
1477 2576 1550 2599 Deus
1566 2577 1600 2600 M.
1657 2578 1689 2600 2³4
1712 2577 1761 2600 Nn-

71 2618 98 2637 45
117 2615 202 2647 cesse]
224 2617 413 2641 Necessarium
433 2617 470 2641 M.
554 2618 749 2641 convenienter
768 2618 804 2642 111.
889 2619 919 2641 31
943 2616 1102 2649 imperitiae]
1123 2619 1158 2642 ita
1179 2618 1214 2647 Ill,
1241 2620 1355 2650 imperiti
1376 2620 1428 2643 rell.
1515 2622 1547 2644 33
1567 2629 1649 2644 sum-0
1672 2621 1701 2650 ΙΙ1
1723 2621 1762 2643 111ιὶ

116 2661 188 2685 virili
207 2661 279 2685 deest.
353 2662 385 2684 34
407 2669 466 2684 cum
488 2658 572 2691 motu]
593 2664 729 2685 commotu
750 2661 781 2686 B.
855 2663 887 2685 :35
909 2663 989 2686 eorde
1010 2662 1041 2686 R.
1116 2664 1147 2687 36
1169 2666 1367 2694 exspectatores
1387 2664 1417 2688 L,
1493 2664 1607 2688 lectores
1631 2667 1664 2689 ill.

227 2787 254 2818 1>
280 2787 354 2814 Ibitl.
381 2787 415 2813 II
435 2788 528 2819 c.15;
554 2788 570 2813 l.
589 2788 605 2813 l.
633 2786 678 2820 Vl,
702 2788 769 2815 434.
863 2788 893 2821 2)
919 2787 992 2815 Ihid.
1018 2788 1052 2814 J!
1072 2798 1093 2815 (κ
1116 2790 1166 2817 11.·
1191 2790 1208 2815 l.
1227 2790 1243 2816 l.
1269 2789 1316 2819 VI,
1341 2791 1399 2819 430
1411 2800 1451 2826 sq.
