<?xml version="1.0" encoding="UTF-8"?>
<!DOCTYPE html PUBLIC "-//W3C//DTD XHTML 1.0 Transitional//EN"
    "http://www.w3.org/TR/xhtml1/DTD/xhtml1-transitional.dtd">
<html xmlns="http://www.w3.org/1999/xhtml" xml:lang="en" lang="en">
 <head>
  <title>
</title>
<meta http-equiv="Content-Type" content="text/html;charset=utf-8" />
  <meta name='ocr-system' content='tesseract 3.04.00' />
  <meta name='ocr-capabilities' content='ocr_page ocr_carea ocr_par ocr_line ocrx_word'/>
</head>
<body>
  <div class='ocr_page' id='page_1' title='image "./s3monumentagerma02geseuoft_0232.png"; bbox 0 0 2242 3085; ppageno 0'>
   <div class='ocr_carea' id='block_1_1' title="bbox 402 141 1890 176">
    <p class='ocr_par' dir='ltr' id='par_1_1' title="bbox 402 141 1890 176">
     <span class='ocr_line' id='line_1_1' title="bbox 402 141 1890 176; baseline -0.001 -6"><span class='ocrx_word' id='word_1_1' title='bbox 402 141 466 171; x_wconf 80' lang='lat'>210</span> <span class='ocrx_word' id='word_1_2' title='bbox 560 143 609 170; x_wconf 72' lang='lat'>24.</span> <span class='ocrx_word' id='word_1_3' title='bbox 648 143 830 169; x_wconf 71' lang='lat' dir='ltr'>CONCILIA</span> <span class='ocrx_word' id='word_1_4' title='bbox 858 142 1103 176; x_wconf 67' lang='lat' dir='ltr'>RISPACENSE,</span> <span class='ocrx_word' id='word_1_5' title='bbox 1128 142 1394 170; x_wconf 75' lang='lat' dir='ltr'>FRISINGENSE.</span> <span class='ocrx_word' id='word_1_6' title='bbox 1420 141 1734 169; x_wconf 67' lang='lat' dir='ltr'>SALISBURGENSE</span> <span class='ocrx_word' id='word_1_7' title='bbox 1758 143 1795 168; x_wconf 90' lang='lat' dir='ltr'>A.</span> <span class='ocrx_word' id='word_1_8' title='bbox 1817 141 1890 169; x_wconf 80' lang='lat'>800.</span> 
     </span>
    </p>
   </div>
   <div class='ocr_carea' id='block_1_2' title="bbox 406 234 2048 328">
    <p class='ocr_par' dir='ltr' id='par_1_2' title="bbox 406 234 2048 328">
     <span class='ocr_line' id='line_1_2' title="bbox 508 234 2048 276; baseline 0 -10"><span class='ocrx_word' id='word_1_9' title='bbox 508 236 588 267; x_wconf 88' lang='lat' dir='ltr'>XVI</span> <span class='ocrx_word' id='word_1_10' title='bbox 614 236 695 276; x_wconf 85' lang='grc'><strong>(11).</strong></span> <span class='ocrx_word' id='word_1_11' title='bbox 739 236 784 267; x_wconf 87' lang='lat' dir='ltr'>Ut</span> <span class='ocrx_word' id='word_1_12' title='bbox 815 246 924 265; x_wconf 82' lang='lat' dir='ltr'>omnes</span> <span class='ocrx_word' id='word_1_13' title='bbox 956 234 1127 276; x_wconf 70' lang='lat' dir='ltr'><strong>presbiteri</strong></span> <span class='ocrx_word' id='word_1_14' title='bbox 1158 235 1295 266; x_wconf 84' lang='lat' dir='ltr'>doceant</span> <span class='ocrx_word' id='word_1_15' title='bbox 1325 234 1478 276; x_wconf 87' lang='lat' dir='ltr'>populum</span> <span class='ocrx_word' id='word_1_16' title='bbox 1510 234 1655 264; x_wconf 87' lang='lat' dir='ltr'>devitare</span> <span class='ocrx_word' id='word_1_17' title='bbox 1686 234 1845 266; x_wconf 86' lang='lat' dir='ltr'>nefarium</span> <span class='ocrx_word' id='word_1_18' title='bbox 1876 235 2048 266; x_wconf 87' lang='lat' dir='ltr'>iuramenti</span> 
     </span>
     <span class='ocr_line' id='line_1_3' title="bbox 406 287 1601 328; baseline -0.003 -8"><span class='ocrx_word' id='word_1_19' title='bbox 406 300 509 328; x_wconf 84' lang='lat' dir='ltr'>usum,</span> <span class='ocrx_word' id='word_1_20' title='bbox 535 290 616 319; x_wconf 84' lang='lat' dir='ltr'>sicut</span> <span class='ocrx_word' id='word_1_21' title='bbox 642 289 673 319; x_wconf 91' lang='lat' dir='ltr'>in</span> <span class='ocrx_word' id='word_1_22' title='bbox 700 288 956 323; x_wconf 72' lang='lat' dir='ltr'>(¹alcid(onensi)</span> <span class='ocrx_word' id='word_1_23' title='bbox 983 288 1164 318; x_wconf 72' lang='lat' dir='ltr'>continetur</span> <span class='ocrx_word' id='word_1_24' title='bbox 1188 287 1324 318; x_wconf 84' lang='lat' dir='ltr'>concilio</span> <span class='ocrx_word' id='word_1_25' title='bbox 1349 298 1418 328; x_wconf 81' lang='lat' dir='ltr'>cap,</span> <span class='ocrx_word' id='word_1_26' title='bbox 1437 287 1570 317; x_wconf 91' lang='lat' dir='ltr'>XVIIII</span> <span class='ocrx_word' id='word_1_27' title='bbox 1583 289 1601 317; x_wconf 74' lang='lat'>¹.</span> 
     </span>
    </p>
   </div>
   <div class='ocr_carea' id='block_1_3' title="bbox 400 348 2080 550">
    <p class='ocr_par' dir='ltr' id='par_1_3' title="bbox 400 348 2080 550">
     <span class='ocr_line' id='line_1_4' title="bbox 510 348 2049 391; baseline -0.001 -10"><span class='ocrx_word' id='word_1_28' title='bbox 510 350 607 381; x_wconf 85' lang='lat' dir='ltr'>XVII</span> <span class='ocrx_word' id='word_1_29' title='bbox 635 352 718 385; x_wconf 60' lang='lat'>(12).</span> <span class='ocrx_word' id='word_1_30' title='bbox 756 350 800 381; x_wconf 92' lang='lat' dir='ltr'>Ut</span> <span class='ocrx_word' id='word_1_31' title='bbox 823 349 928 380; x_wconf 84' lang='lat' dir='ltr'>nullus</span> <span class='ocrx_word' id='word_1_32' title='bbox 954 361 994 380; x_wconf 80' lang='lat' dir='ltr'>cx</span> <span class='ocrx_word' id='word_1_33' title='bbox 1013 350 1097 380; x_wconf 77' lang='lat' dir='ltr'>clero</span> <span class='ocrx_word' id='word_1_34' title='bbox 1116 350 1268 380; x_wconf 81' lang='lat' dir='ltr'>feminam</span> <span class='ocrx_word' id='word_1_35' title='bbox 1286 360 1395 380; x_wconf 82' lang='lat' dir='ltr'>secum</span> <span class='ocrx_word' id='word_1_36' title='bbox 1414 349 1445 379; x_wconf 86' lang='lat' dir='ltr'>in</span> <span class='ocrx_word' id='word_1_37' title='bbox 1463 348 1557 379; x_wconf 85' lang='lat' dir='ltr'>domo</span> <span class='ocrx_word' id='word_1_38' title='bbox 1574 348 1720 379; x_wconf 86' lang='lat' dir='ltr'>habitare</span> <span class='ocrx_word' id='word_1_39' title='bbox 1738 350 1902 390; x_wconf 88' lang='lat' dir='ltr'>permittat</span> <span class='ocrx_word' id='word_1_40' title='bbox 1918 354 2049 391; x_wconf 86' lang='lat' dir='ltr'>propter</span> 
     </span>
     <span class='ocr_line' id='line_1_5' title="bbox 404 402 2048 445; baseline -0.001 -11"><span class='ocrx_word' id='word_1_41' title='bbox 404 404 589 445; x_wconf 76' lang='lat' dir='ltr'>suspitionis</span> <span class='ocrx_word' id='word_1_42' title='bbox 615 414 747 434; x_wconf 83' lang='lat' dir='ltr'>causam</span> <span class='ocrx_word' id='word_1_43' title='bbox 772 403 832 433; x_wconf 91' lang='lat' dir='ltr'>nisi</span> <span class='ocrx_word' id='word_1_44' title='bbox 859 408 992 433; x_wconf 83' lang='lat' dir='ltr'>matrem</span> <span class='ocrx_word' id='word_1_45' title='bbox 1019 408 1050 433; x_wconf 89' lang='lat' dir='ltr'>et</span> <span class='ocrx_word' id='word_1_46' title='bbox 1075 414 1215 433; x_wconf 81' lang='lat' dir='ltr'>sororem</span> <span class='ocrx_word' id='word_1_47' title='bbox 1234 408 1288 434; x_wconf 83' lang='lat' dir='ltr'>aut</span> <span class='ocrx_word' id='word_1_48' title='bbox 1305 403 1435 433; x_wconf 89' lang='lat' dir='ltr'>amitam</span> <span class='ocrx_word' id='word_1_49' title='bbox 1453 402 1521 432; x_wconf 79' lang='lat' dir='ltr'>sive</span> <span class='ocrx_word' id='word_1_50' title='bbox 1539 412 1604 440; x_wconf 69' lang='lat' dir='ltr'>eas.</span> <span class='ocrx_word' id='word_1_51' title='bbox 1631 412 1713 443; x_wconf 88' lang='lat' dir='ltr'>quae</span> <span class='ocrx_word' id='word_1_52' title='bbox 1732 402 1930 444; x_wconf 78' lang='lat' dir='ltr'>suspiciones</span> <span class='ocrx_word' id='word_1_53' title='bbox 1946 402 2048 433; x_wconf 84' lang='lat' dir='ltr'>malas</span> 
     </span>
     <span class='ocr_line' id='line_1_6' title="bbox 401 455 2080 498; baseline -0.001 -11"><span class='ocrx_word' id='word_1_54' title='bbox 401 456 572 498; x_wconf 75' lang='lat' dir='ltr'>effugiunt,</span> <span class='ocrx_word' id='word_1_55' title='bbox 606 457 687 486; x_wconf 82' lang='lat' dir='ltr'>sicut</span> <span class='ocrx_word' id='word_1_56' title='bbox 720 457 751 486; x_wconf 91' lang='lat' dir='ltr'>in</span> <span class='ocrx_word' id='word_1_57' title='bbox 784 456 908 486; x_wconf 85' lang='lat' dir='ltr'>Nieeno</span> <span class='ocrx_word' id='word_1_58' title='bbox 941 455 1100 486; x_wconf 74' lang='lat' dir='ltr'>concilio2</span> <span class='ocrx_word' id='word_1_59' title='bbox 1132 456 1345 486; x_wconf 78' lang='lat' dir='ltr'>eontinentur.</span> <span class='ocrx_word' id='word_1_60' title='bbox 1395 456 1428 486; x_wconf 82' lang='lat' dir='ltr'>Si</span> <span class='ocrx_word' id='word_1_61' title='bbox 1461 455 1531 496; x_wconf 80' lang='lat' dir='ltr'>quis</span> <span class='ocrx_word' id='word_1_62' title='bbox 1563 460 1635 496; x_wconf 86' lang='lat' dir='ltr'>post</span> <span class='ocrx_word' id='word_1_63' title='bbox 1664 455 1758 485; x_wconf 83' lang='lat' dir='ltr'>istam</span> <span class='ocrx_word' id='word_1_64' title='bbox 1791 455 2048 486; x_wconf 80' lang='lat' dir='ltr'>convenientiam</span> <span class='ocrx_word' id='word_1_65' title='bbox 2067 463 2080 481; x_wconf 84' lang='lat'><strong>5</strong></span> 
     </span>
     <span class='ocr_line' id='line_1_7' title="bbox 400 507 2048 550; baseline -0.001 -9"><span class='ocrx_word' id='word_1_66' title='bbox 400 509 552 541; x_wconf 75' lang='lat' dir='ltr'>mulieres</span> <span class='ocrx_word' id='word_1_67' title='bbox 576 510 609 540; x_wconf 88' lang='lat' dir='ltr'>in</span> <span class='ocrx_word' id='word_1_68' title='bbox 635 509 729 540; x_wconf 87' lang='lat' dir='ltr'>domo</span> <span class='ocrx_word' id='word_1_69' title='bbox 756 520 813 539; x_wconf 84' lang='lat' dir='ltr'>sua</span> <span class='ocrx_word' id='word_1_70' title='bbox 831 508 989 549; x_wconf 79' lang='lat' dir='ltr'>habuerit,</span> <span class='ocrx_word' id='word_1_71' title='bbox 1016 508 1212 550; x_wconf 60' lang='lat' dir='ltr'>deponatur,</span> <span class='ocrx_word' id='word_1_72' title='bbox 1239 509 1264 539; x_wconf 84' lang='lat' dir='ltr'>si</span> <span class='ocrx_word' id='word_1_73' title='bbox 1286 508 1422 539; x_wconf 82' lang='lat' dir='ltr'>clericus</span> <span class='ocrx_word' id='word_1_74' title='bbox 1439 507 1500 539; x_wconf 87' lang='grc'><strong>1100</strong></span> <span class='ocrx_word' id='word_1_75' title='bbox 1517 513 1720 549; x_wconf 85' lang='lat' dir='ltr'>perpetratus</span> <span class='ocrx_word' id='word_1_76' title='bbox 1737 507 1842 547; x_wconf 80' lang='lat' dir='ltr'>fucrit,</span> <span class='ocrx_word' id='word_1_77' title='bbox 1867 507 2048 550; x_wconf 75' lang='lat' dir='ltr'>vapuletur.</span> 
     </span>
    </p>
   </div>
   <div class='ocr_carea' id='block_1_4' title="bbox 402 569 2050 719">
    <p class='ocr_par' dir='ltr' id='par_1_4' title="bbox 402 569 2050 719">
     <span class='ocr_line' id='line_1_8' title="bbox 509 569 2049 611; baseline 0 -10"><span class='ocrx_word' id='word_1_78' title='bbox 509 571 624 602; x_wconf 91' lang='lat' dir='ltr'>XVIII</span> <span class='ocrx_word' id='word_1_79' title='bbox 651 571 732 611; x_wconf 71' lang='lat'>(13).</span> <span class='ocrx_word' id='word_1_80' title='bbox 777 571 821 602; x_wconf 89' lang='lat' dir='ltr'>Ut</span> <span class='ocrx_word' id='word_1_81' title='bbox 853 570 991 601; x_wconf 79' lang='lat' dir='ltr'>claustra</span> <span class='ocrx_word' id='word_1_82' title='bbox 1023 570 1255 601; x_wconf 84' lang='lat' dir='ltr'>monachorum</span> <span class='ocrx_word' id='word_1_83' title='bbox 1283 570 1357 601; x_wconf 87' lang='lat' dir='ltr'>laici</span> <span class='ocrx_word' id='word_1_84' title='bbox 1389 581 1452 600; x_wconf 88' lang='lat' dir='ltr'>non</span> <span class='ocrx_word' id='word_1_85' title='bbox 1484 570 1603 600; x_wconf 77' lang='lat' dir='ltr'>intrent</span> <span class='ocrx_word' id='word_1_86' title='bbox 1633 580 1693 600; x_wconf 88' lang='lat' dir='ltr'>nec</span> <span class='ocrx_word' id='word_1_87' title='bbox 1725 570 1904 611; x_wconf 78' lang='lat' dir='ltr'>inquietent</span> <span class='ocrx_word' id='word_1_88' title='bbox 1934 569 2049 601; x_wconf 83' lang='lat' dir='ltr'>fratres</span> 
     </span>
     <span class='ocr_line' id='line_1_9' title="bbox 402 622 2050 666; baseline -0.001 -11"><span class='ocrx_word' id='word_1_89' title='bbox 402 625 556 666; x_wconf 83' lang='lat' dir='ltr'>degentes</span> <span class='ocrx_word' id='word_1_90' title='bbox 582 623 640 654; x_wconf 83' lang='lat' dir='ltr'>sub</span> <span class='ocrx_word' id='word_1_91' title='bbox 667 624 803 663; x_wconf 72' lang='lat' dir='ltr'>silentio,</span> <span class='ocrx_word' id='word_1_92' title='bbox 828 624 890 654; x_wconf 75' lang='lat' dir='ltr'>nisi</span> <span class='ocrx_word' id='word_1_93' title='bbox 915 623 995 654; x_wconf 84' lang='lat' dir='ltr'>forte</span> <span class='ocrx_word' id='word_1_94' title='bbox 1021 624 1046 654; x_wconf 87' lang='lat' dir='ltr'>si</span> <span class='ocrx_word' id='word_1_95' title='bbox 1073 624 1210 654; x_wconf 84' lang='lat' dir='ltr'>maiores</span> <span class='ocrx_word' id='word_1_96' title='bbox 1235 634 1393 665; x_wconf 79' lang='lat' dir='ltr'>personae</span> <span class='ocrx_word' id='word_1_97' title='bbox 1418 623 1547 661; x_wconf 73' lang='lat' dir='ltr'>fuerint,</span> <span class='ocrx_word' id='word_1_98' title='bbox 1580 622 1665 664; x_wconf 82' lang='lat' dir='ltr'>quod</span> <span class='ocrx_word' id='word_1_99' title='bbox 1698 623 1826 653; x_wconf 85' lang='lat' dir='ltr'>omnino</span> <span class='ocrx_word' id='word_1_100' title='bbox 1857 623 1961 653; x_wconf 89' lang='lat' dir='ltr'>vitare</span> <span class='ocrx_word' id='word_1_101' title='bbox 1985 635 2050 654; x_wconf 90' lang='lat' dir='ltr'>non</span> 
     </span>
     <span class='ocr_line' id='line_1_10' title="bbox 402 689 582 719; baseline 0.006 -12"><span class='ocrx_word' id='word_1_102' title='bbox 402 689 582 719; x_wconf 77' lang='lat' dir='ltr'>possumus.</span> 
     </span>
    </p>
   </div>
   <div class='ocr_carea' id='block_1_5' title="bbox 399 737 2095 939">
    <p class='ocr_par' dir='ltr' id='par_1_5' title="bbox 399 737 2095 939">
     <span class='ocr_line' id='line_1_11' title="bbox 510 737 2095 779; baseline -0.001 -10"><span class='ocrx_word' id='word_1_103' title='bbox 510 739 642 769; x_wconf 91' lang='lat' dir='ltr'>XVIIII</span> <span class='ocrx_word' id='word_1_104' title='bbox 668 741 749 779; x_wconf 62' lang='lat'>(14).</span> <span class='ocrx_word' id='word_1_105' title='bbox 787 738 831 769; x_wconf 88' lang='lat' dir='ltr'>Ut</span> <span class='ocrx_word' id='word_1_106' title='bbox 856 739 1031 777; x_wconf 77' lang='lat' dir='ltr'>novatiani,</span> <span class='ocrx_word' id='word_1_107' title='bbox 1058 739 1111 779; x_wconf 90' lang='lat' dir='ltr'>qui</span> <span class='ocrx_word' id='word_1_108' title='bbox 1130 738 1272 777; x_wconf 78' lang='lat' dir='ltr'>veniunt,</span> <span class='ocrx_word' id='word_1_109' title='bbox 1299 738 1330 768; x_wconf 91' lang='lat' dir='ltr'>in</span> <span class='ocrx_word' id='word_1_110' title='bbox 1355 738 1548 768; x_wconf 86' lang='lat' dir='ltr'>monasterio</span> <span class='ocrx_word' id='word_1_111' title='bbox 1573 749 1637 768; x_wconf 89' lang='grc'><strong>11011</strong></span> <span class='ocrx_word' id='word_1_112' title='bbox 1661 738 1859 779; x_wconf 77' lang='lat' dir='ltr'>recipiantur</span> <span class='ocrx_word' id='word_1_113' title='bbox 1882 738 1915 768; x_wconf 90' lang='lat' dir='ltr'>in</span> <span class='ocrx_word' id='word_1_114' title='bbox 1938 737 2049 768; x_wconf 86' lang='lat' dir='ltr'>ordine</span> <span class='ocrx_word' id='word_1_115' title='bbox 2069 746 2095 764; x_wconf 93' lang='lat'>10</span> 
     </span>
     <span class='ocr_line' id='line_1_12' title="bbox 399 790 2052 834; baseline -0.001 -11"><span class='ocrx_word' id='word_1_116' title='bbox 399 793 675 834; x_wconf 73' lang='lat' dir='ltr'>congregationis,</span> <span class='ocrx_word' id='word_1_117' title='bbox 702 797 876 833; x_wconf 87' lang='lat' dir='ltr'>antequam</span> <span class='ocrx_word' id='word_1_118' title='bbox 902 791 1080 822; x_wconf 76' lang='lat' dir='ltr'>secundum</span> <span class='ocrx_word' id='word_1_119' title='bbox 1105 790 1251 832; x_wconf 82' lang='lat' dir='ltr'>regulam</span> <span class='ocrx_word' id='word_1_120' title='bbox 1268 790 1405 832; x_wconf 82' lang='lat' dir='ltr'>pleniter</span> <span class='ocrx_word' id='word_1_121' title='bbox 1422 791 1663 830; x_wconf 76' lang='lat' dir='ltr'>examinentur3</span> <span class='ocrx_word' id='word_1_122' title='bbox 1689 796 1720 821; x_wconf 93' lang='lat' dir='ltr'>et</span> <span class='ocrx_word' id='word_1_123' title='bbox 1743 802 1807 821; x_wconf 89' lang='lat' dir='ltr'>non</span> <span class='ocrx_word' id='word_1_124' title='bbox 1831 796 2052 832; x_wconf 85' lang='lat' dir='ltr'>preponantur</span> 
     </span>
     <span class='ocr_line' id='line_1_13' title="bbox 403 843 2051 885; baseline -0.001 -9"><span class='ocrx_word' id='word_1_125' title='bbox 403 846 519 876; x_wconf 81' lang='lat' dir='ltr'>ceteris</span> <span class='ocrx_word' id='word_1_126' title='bbox 545 846 577 875; x_wconf 93' lang='lat' dir='ltr'>in</span> <span class='ocrx_word' id='word_1_127' title='bbox 603 845 806 884; x_wconf 78' lang='lat' dir='ltr'>monasterio,</span> <span class='ocrx_word' id='word_1_128' title='bbox 839 849 1013 885; x_wconf 80' lang='lat' dir='ltr'>antequam</span> <span class='ocrx_word' id='word_1_129' title='bbox 1037 843 1194 885; x_wconf 83' lang='lat' dir='ltr'>regularis</span> <span class='ocrx_word' id='word_1_130' title='bbox 1219 844 1305 874; x_wconf 84' lang='lat' dir='ltr'>vitae</span> <span class='ocrx_word' id='word_1_131' title='bbox 1331 843 1476 874; x_wconf 81' lang='lat' dir='ltr'>ordinem</span> <span class='ocrx_word' id='word_1_132' title='bbox 1505 843 1642 885; x_wconf 86' lang='lat' dir='ltr'>pleniter</span> <span class='ocrx_word' id='word_1_133' title='bbox 1667 843 1873 883; x_wconf 80' lang='lat' dir='ltr'>edoceantur,</span> <span class='ocrx_word' id='word_1_134' title='bbox 1905 844 1988 874; x_wconf 85' lang='lat' dir='ltr'>sicut</span> <span class='ocrx_word' id='word_1_135' title='bbox 2018 844 2051 874; x_wconf 92' lang='lat' dir='ltr'>in</span> 
     </span>
     <span class='ocr_line' id='line_1_14' title="bbox 404 897 1078 939; baseline -0.001 -11"><span class='ocrx_word' id='word_1_136' title='bbox 404 898 517 939; x_wconf 81' lang='lat' dir='ltr'>regula</span> <span class='ocrx_word' id='word_1_137' title='bbox 543 898 643 928; x_wconf 79' lang='lat' dir='ltr'>sancti</span> <span class='ocrx_word' id='word_1_138' title='bbox 669 897 839 928; x_wconf 83' lang='lat' dir='ltr'>Benedicti</span> <span class='ocrx_word' id='word_1_139' title='bbox 865 897 1078 927; x_wconf 80' lang='lat' dir='ltr'>continetur3.</span> 
     </span>
    </p>
   </div>
   <div class='ocr_carea' id='block_1_6' title="bbox 404 958 2096 1115">
    <p class='ocr_par' dir='ltr' id='par_1_6' title="bbox 404 958 2096 1115">
     <span class='ocr_line' id='line_1_15' title="bbox 512 958 2049 1000; baseline -0.001 -10"><span class='ocrx_word' id='word_1_140' title='bbox 512 960 577 990; x_wconf 91' lang='lat' dir='ltr'>XX</span> <span class='ocrx_word' id='word_1_141' title='bbox 604 960 685 1000; x_wconf 70' lang='grc'><strong>(15).</strong></span> <span class='ocrx_word' id='word_1_142' title='bbox 723 959 767 990; x_wconf 93' lang='lat' dir='ltr'>Ut</span> <span class='ocrx_word' id='word_1_143' title='bbox 791 969 885 989; x_wconf 87' lang='lat' dir='ltr'>nemo</span> <span class='ocrx_word' id='word_1_144' title='bbox 910 964 1017 989; x_wconf 83' lang='lat' dir='ltr'>utatur</span> <span class='ocrx_word' id='word_1_145' title='bbox 1042 958 1177 997; x_wconf 86' lang='lat' dir='ltr'>cuculla,</span> <span class='ocrx_word' id='word_1_146' title='bbox 1210 959 1270 989; x_wconf 75' lang='lat' dir='ltr'>nisi</span> <span class='ocrx_word' id='word_1_147' title='bbox 1303 959 1357 1000; x_wconf 88' lang='lat' dir='ltr'>qui</span> <span class='ocrx_word' id='word_1_148' title='bbox 1389 969 1422 989; x_wconf 88' lang='lat' dir='ltr'>se</span> <span class='ocrx_word' id='word_1_149' title='bbox 1448 958 1597 989; x_wconf 87' lang='lat' dir='ltr'>monachi</span> <span class='ocrx_word' id='word_1_150' title='bbox 1622 964 1696 989; x_wconf 80' lang='lat' dir='ltr'>voto</span> <span class='ocrx_word' id='word_1_151' title='bbox 1723 959 1959 998; x_wconf 78' lang='lat' dir='ltr'>constrinxerit,</span> <span class='ocrx_word' id='word_1_152' title='bbox 1985 963 2049 998; x_wconf 93' lang='lat' dir='ltr'>aut,</span> 
     </span>
     <span class='ocr_line' id='line_1_16' title="bbox 404 1011 2096 1054; baseline -0.001 -11"><span class='ocrx_word' id='word_1_153' title='bbox 404 1014 429 1043; x_wconf 77' lang='lat' dir='ltr'>si</span> <span class='ocrx_word' id='word_1_154' title='bbox 456 1013 632 1044; x_wconf 78' lang='lat' dir='ltr'>necessitas</span> <span class='ocrx_word' id='word_1_155' title='bbox 657 1012 850 1054; x_wconf 74' lang='lat' dir='ltr'>poposcerit,</span> <span class='ocrx_word' id='word_1_156' title='bbox 876 1017 1008 1053; x_wconf 87' lang='lat' dir='ltr'>propter</span> <span class='ocrx_word' id='word_1_157' title='bbox 1033 1011 1186 1053; x_wconf 83' lang='lat' dir='ltr'>frigorem</span> <span class='ocrx_word' id='word_1_158' title='bbox 1211 1011 1379 1052; x_wconf 83' lang='lat' dir='ltr'>religiosus</span> <span class='ocrx_word' id='word_1_159' title='bbox 1405 1011 1556 1042; x_wconf 82' lang='lat' dir='ltr'>sacerdos</span> <span class='ocrx_word' id='word_1_160' title='bbox 1580 1016 1697 1042; x_wconf 90' lang='lat' dir='ltr'>utatur.</span> <span class='ocrx_word' id='word_1_161' title='bbox 2071 1021 2096 1039; x_wconf 80' lang='lat'>15</span> 
     </span>
     <span class='ocr_line' id='line_1_17' title="bbox 512 1072 2050 1115; baseline -0.001 -10"><span class='ocrx_word' id='word_1_162' title='bbox 512 1074 593 1105; x_wconf 85' lang='lat' dir='ltr'>XXI</span> <span class='ocrx_word' id='word_1_163' title='bbox 620 1075 701 1115; x_wconf 14' lang='lat'>(⁸165.</span> <span class='ocrx_word' id='word_1_164' title='bbox 740 1074 780 1104; x_wconf 85' lang='lat' dir='ltr'>Et</span> <span class='ocrx_word' id='word_1_165' title='bbox 804 1079 839 1104; x_wconf 90' lang='lat' dir='ltr'>ut</span> <span class='ocrx_word' id='word_1_166' title='bbox 862 1074 896 1103; x_wconf 91' lang='lat' dir='ltr'>in</span> <span class='ocrx_word' id='word_1_167' title='bbox 920 1074 1149 1104; x_wconf 86' lang='lat' dir='ltr'>monasterium</span> <span class='ocrx_word' id='word_1_168' title='bbox 1175 1072 1354 1114; x_wconf 86' lang='lat' dir='ltr'>puellarum</span> <span class='ocrx_word' id='word_1_169' title='bbox 1378 1084 1442 1103; x_wconf 89' lang='lat' dir='ltr'>non</span> <span class='ocrx_word' id='word_1_170' title='bbox 1466 1073 1586 1104; x_wconf 88' lang='lat' dir='ltr'>intrent</span> <span class='ocrx_word' id='word_1_171' title='bbox 1610 1073 1719 1104; x_wconf 87' lang='lat' dir='ltr'>clerici</span> <span class='ocrx_word' id='word_1_172' title='bbox 1743 1084 1849 1115; x_wconf 84' lang='lat' dir='ltr'>neque</span> <span class='ocrx_word' id='word_1_173' title='bbox 1873 1073 1957 1114; x_wconf 83' lang='lat' dir='ltr'>laici,</span> <span class='ocrx_word' id='word_1_174' title='bbox 1989 1074 2050 1104; x_wconf 89' lang='lat' dir='ltr'>nisi</span> 
     </span>
    </p>
   </div>
   <div class='ocr_carea' id='block_1_7' title="bbox 402 1125 2050 1211">
    <p class='ocr_par' dir='ltr' id='par_1_7' title="bbox 402 1125 2050 1211">
     <span class='ocr_line' id='line_1_18' title="bbox 403 1125 2050 1168; baseline -0.001 -10"><span class='ocrx_word' id='word_1_175' title='bbox 403 1134 527 1158; x_wconf 82' lang='lat' dir='ltr'>tantum</span> <span class='ocrx_word' id='word_1_176' title='bbox 552 1126 712 1168; x_wconf 73' lang='lat' dir='ltr'>presbiter</span> <span class='ocrx_word' id='word_1_177' title='bbox 737 1127 867 1156; x_wconf 79' lang='lat' dir='ltr'>missam</span> <span class='ocrx_word' id='word_1_178' title='bbox 900 1131 1033 1157; x_wconf 88' lang='lat' dir='ltr'>cantans</span> <span class='ocrx_word' id='word_1_179' title='bbox 1066 1126 1117 1156; x_wconf 79' lang='lat' dir='ltr'>vel</span> <span class='ocrx_word' id='word_1_180' title='bbox 1142 1126 1358 1156; x_wconf 83' lang='lat' dir='ltr'>visitationem</span> <span class='ocrx_word' id='word_1_181' title='bbox 1390 1126 1588 1156; x_wconf 89' lang='lat' dir='ltr'>infirmorum</span> <span class='ocrx_word' id='word_1_182' title='bbox 1618 1125 1741 1156; x_wconf 84' lang='lat' dir='ltr'>faciens</span> <span class='ocrx_word' id='word_1_183' title='bbox 1766 1126 1852 1157; x_wconf 90' lang='lat' dir='ltr'>horis</span> <span class='ocrx_word' id='word_1_184' title='bbox 1878 1131 2050 1168; x_wconf 86' lang='lat' dir='ltr'>conpeten-</span> 
     </span>
     <span class='ocr_line' id='line_1_19' title="bbox 402 1180 805 1211; baseline 0.002 -1"><span class='ocrx_word' id='word_1_185' title='bbox 402 1180 487 1211; x_wconf 87' lang='lat' dir='ltr'>tibus</span> <span class='ocrx_word' id='word_1_186' title='bbox 513 1186 544 1210; x_wconf 90' lang='lat' dir='ltr'>et</span> <span class='ocrx_word' id='word_1_187' title='bbox 569 1181 673 1210; x_wconf 84' lang='lat' dir='ltr'>statim</span> <span class='ocrx_word' id='word_1_188' title='bbox 701 1184 805 1211; x_wconf 75' lang='lat' dir='ltr'>exeat.</span> 
     </span>
    </p>
   </div>
   <div class='ocr_carea' id='block_1_8' title="bbox 402 1240 2097 1459">
    <p class='ocr_par' dir='ltr' id='par_1_8' title="bbox 510 1240 2050 1283">
     <span class='ocr_line' id='line_1_20' title="bbox 510 1240 2050 1283; baseline 0 -11"><span class='ocrx_word' id='word_1_189' title='bbox 510 1242 610 1272; x_wconf 84' lang='lat' dir='ltr'>XXII</span> <span class='ocrx_word' id='word_1_190' title='bbox 629 1243 710 1275; x_wconf 64' lang='lat'>417).</span> <span class='ocrx_word' id='word_1_191' title='bbox 746 1241 791 1272; x_wconf 88' lang='lat' dir='ltr'>Ut</span> <span class='ocrx_word' id='word_1_192' title='bbox 815 1241 911 1271; x_wconf 76' lang='lat' dir='ltr'>liceat</span> <span class='ocrx_word' id='word_1_193' title='bbox 936 1240 1212 1271; x_wconf 85' lang='lat' dir='ltr'>sanctimonialem</span> <span class='ocrx_word' id='word_1_194' title='bbox 1236 1241 1363 1282; x_wconf 86' lang='lat' dir='ltr'>signum</span> <span class='ocrx_word' id='word_1_195' title='bbox 1387 1240 1525 1272; x_wconf 85' lang='lat' dir='ltr'>eclesiae</span> <span class='ocrx_word' id='word_1_196' title='bbox 1541 1240 1670 1283; x_wconf 86' lang='lat' dir='ltr'>pulsare</span> <span class='ocrx_word' id='word_1_197' title='bbox 1690 1246 1721 1271; x_wconf 89' lang='lat' dir='ltr'>et</span> <span class='ocrx_word' id='word_1_198' title='bbox 1736 1241 1844 1271; x_wconf 91' lang='lat' dir='ltr'>lumen</span> <span class='ocrx_word' id='word_1_199' title='bbox 1861 1241 2050 1272; x_wconf 87' lang='lat' dir='ltr'>accendere.</span> 
     </span>
    </p>

    <p class='ocr_par' dir='ltr' id='par_1_9' title="bbox 402 1302 2097 1398">
     <span class='ocr_line' id='line_1_21' title="bbox 511 1302 2097 1344; baseline -0.002 -10"><span class='ocrx_word' id='word_1_200' title='bbox 511 1303 627 1334; x_wconf 82' lang='lat' dir='ltr'>XXIII</span> <span class='ocrx_word' id='word_1_201' title='bbox 654 1303 735 1343; x_wconf 67' lang='lat'>(18).</span> <span class='ocrx_word' id='word_1_202' title='bbox 777 1302 1000 1333; x_wconf 86' lang='lat' dir='ltr'>Admonemus</span> <span class='ocrx_word' id='word_1_203' title='bbox 1033 1303 1161 1333; x_wconf 87' lang='lat' dir='ltr'>omnino</span> <span class='ocrx_word' id='word_1_204' title='bbox 1193 1314 1320 1333; x_wconf 90' lang='lat' dir='ltr'>omnem</span> <span class='ocrx_word' id='word_1_205' title='bbox 1350 1302 1505 1344; x_wconf 87' lang='lat' dir='ltr'>populum</span> <span class='ocrx_word' id='word_1_206' title='bbox 1537 1302 1757 1334; x_wconf 85' lang='lat' dir='ltr'>Christianum</span> <span class='ocrx_word' id='word_1_207' title='bbox 1788 1302 1828 1333; x_wconf 88' lang='lat' dir='ltr'>ab</span> <span class='ocrx_word' id='word_1_208' title='bbox 1859 1303 1989 1334; x_wconf 88' lang='lat' dir='ltr'>inlicitis</span> <span class='ocrx_word' id='word_1_209' title='bbox 2021 1308 2052 1334; x_wconf 86' lang='lat' dir='ltr'>et</span> <span class='ocrx_word' id='word_1_210' title='bbox 2071 1313 2097 1332; x_wconf 81' lang='lat'>20</span> 
     </span>
     <span class='ocr_line' id='line_1_22' title="bbox 402 1355 911 1398; baseline -0.002 -11"><span class='ocrx_word' id='word_1_211' title='bbox 402 1357 569 1387; x_wconf 83' lang='lat' dir='ltr'>sceleratis</span> <span class='ocrx_word' id='word_1_212' title='bbox 593 1357 714 1398; x_wconf 78' lang='lat' dir='ltr'>nuptiis</span> <span class='ocrx_word' id='word_1_213' title='bbox 740 1355 911 1387; x_wconf 85' lang='lat' dir='ltr'>abstinere.</span> 
     </span>
    </p>

    <p class='ocr_par' dir='ltr' id='par_1_10' title="bbox 509 1417 2006 1459">
     <span class='ocr_line' id='line_1_23' title="bbox 509 1417 2006 1459; baseline 0.001 -11"><span class='ocrx_word' id='word_1_214' title='bbox 509 1418 645 1449; x_wconf 89' lang='lat' dir='ltr'>XXIIII</span> <span class='ocrx_word' id='word_1_215' title='bbox 671 1418 752 1459; x_wconf 79' lang='grc'><strong>(19).</strong></span> <span class='ocrx_word' id='word_1_216' title='bbox 789 1418 834 1448; x_wconf 87' lang='lat' dir='ltr'>Ut</span> <span class='ocrx_word' id='word_1_217' title='bbox 857 1417 1007 1448; x_wconf 83' lang='lat' dir='ltr'>monaehi</span> <span class='ocrx_word' id='word_1_218' title='bbox 1032 1417 1073 1448; x_wconf 92' lang='lat' dir='ltr'>ad</span> <span class='ocrx_word' id='word_1_219' title='bbox 1099 1418 1249 1448; x_wconf 79' lang='lat' dir='ltr'>convivia</span> <span class='ocrx_word' id='word_1_220' title='bbox 1274 1417 1429 1449; x_wconf 86' lang='lat' dir='ltr'>laicorum</span> <span class='ocrx_word' id='word_1_221' title='bbox 1453 1418 1584 1448; x_wconf 88' lang='lat' dir='ltr'>minime</span> <span class='ocrx_word' id='word_1_222' title='bbox 1609 1417 1765 1448; x_wconf 88' lang='lat' dir='ltr'>accedere</span> <span class='ocrx_word' id='word_1_223' title='bbox 1790 1423 2006 1459; x_wconf 85' lang='lat' dir='ltr'>praesumant.</span> 
     </span>
    </p>
   </div>
   <div class='ocr_carea' id='block_1_9' title="bbox 401 1479 2052 1574">
    <p class='ocr_par' dir='ltr' id='par_1_11' title="bbox 401 1479 2052 1574">
     <span class='ocr_line' id='line_1_24' title="bbox 510 1479 2052 1521; baseline 0.001 -11"><span class='ocrx_word' id='word_1_224' title='bbox 510 1480 608 1511; x_wconf 92' lang='lat' dir='ltr'>XXV</span> <span class='ocrx_word' id='word_1_225' title='bbox 634 1480 716 1521; x_wconf 58' lang='lat'>(20).</span> <span class='ocrx_word' id='word_1_226' title='bbox 756 1480 797 1510; x_wconf 72' lang='lat' dir='ltr'>[Jt</span> <span class='ocrx_word' id='word_1_227' title='bbox 823 1480 876 1521; x_wconf 87' lang='lat' dir='ltr'>qui</span> <span class='ocrx_word' id='word_1_228' title='bbox 902 1479 1091 1510; x_wconf 82' lang='lat' dir='ltr'>monachico</span> <span class='ocrx_word' id='word_1_229' title='bbox 1116 1484 1191 1510; x_wconf 78' lang='lat' dir='ltr'>voto</span> <span class='ocrx_word' id='word_1_230' title='bbox 1210 1485 1258 1510; x_wconf 86' lang='lat' dir='ltr'>est</span> <span class='ocrx_word' id='word_1_231' title='bbox 1275 1480 1465 1511; x_wconf 85' lang='lat' dir='ltr'>constitutus</span> <span class='ocrx_word' id='word_1_232' title='bbox 1485 1479 1571 1510; x_wconf 88' lang='lat' dir='ltr'>nullo</span> <span class='ocrx_word' id='word_1_233' title='bbox 1588 1479 1683 1510; x_wconf 88' lang='lat' dir='ltr'>modo</span> <span class='ocrx_word' id='word_1_234' title='bbox 1701 1479 1923 1521; x_wconf 84' lang='lat' dir='ltr'>parroechiam</span> <span class='ocrx_word' id='word_1_235' title='bbox 1943 1486 2052 1511; x_wconf 89' lang='lat' dir='ltr'>teneat</span> 
     </span>
     <span class='ocr_line' id='line_1_25' title="bbox 401 1532 1288 1574; baseline 0 -10"><span class='ocrx_word' id='word_1_236' title='bbox 401 1545 462 1564; x_wconf 87' lang='lat' dir='ltr'>nec</span> <span class='ocrx_word' id='word_1_237' title='bbox 488 1532 530 1564; x_wconf 85' lang='lat' dir='ltr'>ad</span> <span class='ocrx_word' id='word_1_238' title='bbox 554 1533 668 1563; x_wconf 83' lang='lat' dir='ltr'>iuditia</span> <span class='ocrx_word' id='word_1_239' title='bbox 693 1532 852 1563; x_wconf 85' lang='lat' dir='ltr'>secularia</span> <span class='ocrx_word' id='word_1_240' title='bbox 877 1532 1033 1563; x_wconf 82' lang='lat' dir='ltr'>accedere</span> <span class='ocrx_word' id='word_1_241' title='bbox 1058 1538 1288 1574; x_wconf 83' lang='lat' dir='ltr'>praesummat.</span> 
     </span>
    </p>
   </div>
   <div class='ocr_carea' id='block_1_10' title="bbox 402 1594 2097 1795">
    <p class='ocr_par' dir='ltr' id='par_1_12' title="bbox 402 1594 2097 1795">
     <span class='ocr_line' id='line_1_26' title="bbox 511 1594 2097 1637; baseline -0.001 -12"><span class='ocrx_word' id='word_1_242' title='bbox 511 1595 626 1625; x_wconf 86' lang='lat' dir='ltr'>XXVI</span> <span class='ocrx_word' id='word_1_243' title='bbox 652 1595 732 1633; x_wconf 65' lang='lat'>(21).</span> <span class='ocrx_word' id='word_1_244' title='bbox 771 1594 815 1625; x_wconf 90' lang='lat' dir='ltr'>Ut</span> <span class='ocrx_word' id='word_1_245' title='bbox 846 1594 950 1625; x_wconf 81' lang='lat' dir='ltr'>nullus</span> <span class='ocrx_word' id='word_1_246' title='bbox 983 1606 1023 1625; x_wconf 82' lang='lat' dir='ltr'>ex</span> <span class='ocrx_word' id='word_1_247' title='bbox 1055 1594 1142 1625; x_wconf 86' lang='lat' dir='ltr'>clero</span> <span class='ocrx_word' id='word_1_248' title='bbox 1174 1594 1325 1625; x_wconf 87' lang='lat' dir='ltr'>domnum</span> <span class='ocrx_word' id='word_1_249' title='bbox 1357 1605 1466 1636; x_wconf 84' lang='lat' dir='ltr'>regem</span> <span class='ocrx_word' id='word_1_250' title='bbox 1498 1595 1679 1636; x_wconf 88' lang='lat' dir='ltr'>inquietare</span> <span class='ocrx_word' id='word_1_251' title='bbox 1714 1594 1841 1634; x_wconf 83' lang='lat' dir='ltr'>audeat,</span> <span class='ocrx_word' id='word_1_252' title='bbox 1878 1600 2051 1637; x_wconf 83' lang='lat' dir='ltr'>antequam</span> <span class='ocrx_word' id='word_1_253' title='bbox 2071 1605 2097 1623; x_wconf 80' lang='lat'>25</span> 
     </span>
     <span class='ocr_line' id='line_1_27' title="bbox 402 1647 2051 1689; baseline 0 -10"><span class='ocrx_word' id='word_1_254' title='bbox 402 1654 530 1679; x_wconf 87' lang='lat' dir='ltr'>notetur</span> <span class='ocrx_word' id='word_1_255' title='bbox 554 1659 653 1679; x_wconf 86' lang='lat' dir='ltr'>causa</span> <span class='ocrx_word' id='word_1_256' title='bbox 678 1648 830 1689; x_wconf 76' lang='lat' dir='ltr'>episeopo</span> <span class='ocrx_word' id='word_1_257' title='bbox 857 1659 922 1679; x_wconf 82' lang='lat' dir='ltr'>suo.</span> <span class='ocrx_word' id='word_1_258' title='bbox 971 1648 1014 1678; x_wconf 85' lang='lat' dir='ltr'>Et</span> <span class='ocrx_word' id='word_1_259' title='bbox 1038 1648 1064 1678; x_wconf 90' lang='lat' dir='ltr'>si</span> <span class='ocrx_word' id='word_1_260' title='bbox 1089 1647 1141 1678; x_wconf 90' lang='lat' dir='ltr'>ille</span> <span class='ocrx_word' id='word_1_261' title='bbox 1166 1648 1297 1678; x_wconf 89' lang='lat' dir='ltr'>minime</span> <span class='ocrx_word' id='word_1_262' title='bbox 1322 1648 1463 1689; x_wconf 89' lang='lat' dir='ltr'>potuerit</span> <span class='ocrx_word' id='word_1_263' title='bbox 1487 1648 1631 1688; x_wconf 86' lang='lat' dir='ltr'>definire,</span> <span class='ocrx_word' id='word_1_264' title='bbox 1663 1653 1738 1679; x_wconf 91' lang='lat' dir='ltr'>tunc</span> <span class='ocrx_word' id='word_1_265' title='bbox 1770 1647 1888 1689; x_wconf 84' lang='lat' dir='ltr'>dirigat</span> <span class='ocrx_word' id='word_1_266' title='bbox 1913 1659 1984 1679; x_wconf 89' lang='lat' dir='ltr'>eum</span> <span class='ocrx_word' id='word_1_267' title='bbox 2010 1648 2051 1679; x_wconf 87' lang='lat' dir='ltr'>ad</span> 
     </span>
     <span class='ocr_line' id='line_1_28' title="bbox 402 1701 2050 1743; baseline 0 -11"><span class='ocrx_word' id='word_1_268' title='bbox 402 1701 683 1743; x_wconf 85' lang='lat' dir='ltr'>metropolitanum</span> <span class='ocrx_word' id='word_1_269' title='bbox 710 1701 908 1742; x_wconf 81' lang='lat' dir='ltr'>episcopum.</span> <span class='ocrx_word' id='word_1_270' title='bbox 946 1701 988 1731; x_wconf 84' lang='lat' dir='ltr'>Et</span> <span class='ocrx_word' id='word_1_271' title='bbox 1013 1701 1039 1731; x_wconf 87' lang='lat' dir='ltr'>si</span> <span class='ocrx_word' id='word_1_272' title='bbox 1064 1701 1133 1742; x_wconf 90' lang='lat' dir='ltr'>ipse</span> <span class='ocrx_word' id='word_1_273' title='bbox 1158 1711 1221 1731; x_wconf 89' lang='lat' dir='ltr'>non</span> <span class='ocrx_word' id='word_1_274' title='bbox 1246 1702 1386 1742; x_wconf 87' lang='lat' dir='ltr'>potuerit</span> <span class='ocrx_word' id='word_1_275' title='bbox 1411 1712 1541 1732; x_wconf 85' lang='lat' dir='ltr'>causam</span> <span class='ocrx_word' id='word_1_276' title='bbox 1566 1701 1667 1743; x_wconf 87' lang='lat' dir='ltr'>ipsius</span> <span class='ocrx_word' id='word_1_277' title='bbox 1688 1701 1869 1732; x_wconf 85' lang='lat' dir='ltr'>deliberare</span> <span class='ocrx_word' id='word_1_278' title='bbox 1887 1712 1959 1732; x_wconf 86' lang='lat' dir='ltr'>cum</span> <span class='ocrx_word' id='word_1_279' title='bbox 1977 1712 2050 1732; x_wconf 89' lang='grc'><strong>0011-</strong></span> 
     </span>
     <span class='ocr_line' id='line_1_29' title="bbox 403 1753 1928 1795; baseline 0.001 -11"><span class='ocrx_word' id='word_1_280' title='bbox 403 1754 472 1784; x_wconf 79' lang='lat' dir='ltr'>silio</span> <span class='ocrx_word' id='word_1_281' title='bbox 498 1754 746 1795; x_wconf 76' lang='lat' dir='ltr'>metropolitani,</span> <span class='ocrx_word' id='word_1_282' title='bbox 774 1765 845 1784; x_wconf 87' lang='lat' dir='ltr'>eum</span> <span class='ocrx_word' id='word_1_283' title='bbox 871 1753 984 1784; x_wconf 85' lang='lat' dir='ltr'>litteris</span> <span class='ocrx_word' id='word_1_284' title='bbox 1009 1753 1279 1784; x_wconf 83' lang='lat' dir='ltr'>commendatitiis</span> <span class='ocrx_word' id='word_1_285' title='bbox 1305 1753 1444 1795; x_wconf 82' lang='lat' dir='ltr'>dirigere</span> <span class='ocrx_word' id='word_1_286' title='bbox 1471 1765 1543 1784; x_wconf 86' lang='lat' dir='ltr'>eum</span> <span class='ocrx_word' id='word_1_287' title='bbox 1568 1754 1696 1785; x_wconf 88' lang='lat' dir='ltr'>studeat</span> <span class='ocrx_word' id='word_1_288' title='bbox 1720 1754 1761 1785; x_wconf 86' lang='lat' dir='ltr'>ad</span> <span class='ocrx_word' id='word_1_289' title='bbox 1786 1765 1895 1795; x_wconf 85' lang='lat' dir='ltr'>regem</span> <span class='ocrx_word' id='word_1_290' title='bbox 1907 1756 1928 1785; x_wconf 68' lang='lat'>4.</span> 
     </span>
    </p>
   </div>
   <div class='ocr_carea' id='block_1_11' title="bbox 402 1815 2097 2069">
    <p class='ocr_par' dir='ltr' id='par_1_13' title="bbox 402 1815 2097 2069">
     <span class='ocr_line' id='line_1_30' title="bbox 510 1815 2050 1858; baseline 0.001 -13"><span class='ocrx_word' id='word_1_291' title='bbox 510 1815 643 1846; x_wconf 87' lang='lat' dir='ltr'>XXVII</span> <span class='ocrx_word' id='word_1_292' title='bbox 669 1816 750 1857; x_wconf 62' lang='lat'>(22).</span> <span class='ocrx_word' id='word_1_293' title='bbox 789 1816 832 1846; x_wconf 75' lang='lat' dir='ltr'>Ut</span> <span class='ocrx_word' id='word_1_294' title='bbox 858 1815 1041 1846; x_wconf 79' lang='lat' dir='ltr'>abbatissae</span> <span class='ocrx_word' id='word_1_295' title='bbox 1067 1815 1249 1846; x_wconf 87' lang='lat' dir='ltr'>nullatenus</span> <span class='ocrx_word' id='word_1_296' title='bbox 1275 1821 1394 1846; x_wconf 83' lang='lat' dir='ltr'>exeant</span> <span class='ocrx_word' id='word_1_297' title='bbox 1419 1815 1458 1846; x_wconf 88' lang='lat' dir='ltr'>de</span> <span class='ocrx_word' id='word_1_298' title='bbox 1484 1816 1686 1847; x_wconf 83' lang='lat' dir='ltr'>monasteriis</span> <span class='ocrx_word' id='word_1_299' title='bbox 1718 1817 1783 1847; x_wconf 87' lang='lat' dir='ltr'>suis</span> <span class='ocrx_word' id='word_1_300' title='bbox 1808 1817 1870 1846; x_wconf 90' lang='lat' dir='ltr'>nisi</span> <span class='ocrx_word' id='word_1_301' title='bbox 1894 1827 1953 1858; x_wconf 88' lang='lat' dir='ltr'>per</span> <span class='ocrx_word' id='word_1_302' title='bbox 1977 1827 2050 1847; x_wconf 89' lang='lat' dir='ltr'>con-</span> 
     </span>
     <span class='ocr_line' id='line_1_31' title="bbox 403 1868 2097 1910; baseline 0 -11"><span class='ocrx_word' id='word_1_303' title='bbox 403 1880 531 1900; x_wconf 83' lang='lat' dir='ltr'>sensum</span> <span class='ocrx_word' id='word_1_304' title='bbox 569 1873 665 1910; x_wconf 85' lang='lat' dir='ltr'>atque</span> <span class='ocrx_word' id='word_1_305' title='bbox 702 1868 864 1899; x_wconf 81' lang='lat' dir='ltr'>licentiam</span> <span class='ocrx_word' id='word_1_306' title='bbox 902 1869 1127 1910; x_wconf 80' lang='lat' dir='ltr'>episcoporum</span> <span class='ocrx_word' id='word_1_307' title='bbox 1163 1880 1308 1908; x_wconf 66' lang='lat' dir='ltr'>suorum,</span> <span class='ocrx_word' id='word_1_308' title='bbox 1345 1869 1471 1910; x_wconf 84' lang='lat' dir='ltr'>ipsique</span> <span class='ocrx_word' id='word_1_309' title='bbox 1504 1869 1647 1910; x_wconf 87' lang='lat' dir='ltr'>episcopi</span> <span class='ocrx_word' id='word_1_310' title='bbox 1679 1869 1871 1910; x_wconf 75' lang='lat' dir='ltr'>prevideant</span> <span class='ocrx_word' id='word_1_311' title='bbox 1902 1870 1958 1908; x_wconf 88' lang='lat' dir='ltr'>eis,</span> <span class='ocrx_word' id='word_1_312' title='bbox 1990 1880 2051 1900; x_wconf 90' lang='lat' dir='ltr'>nec</span> <span class='ocrx_word' id='word_1_313' title='bbox 2071 1878 2097 1896; x_wconf 79' lang='lat'>30</span> 
     </span>
     <span class='ocr_line' id='line_1_32' title="bbox 402 1921 2050 1964; baseline 0 -12"><span class='ocrx_word' id='word_1_314' title='bbox 402 1927 548 1963; x_wconf 83' lang='lat' dir='ltr'>negetur,</span> <span class='ocrx_word' id='word_1_315' title='bbox 582 1921 710 1963; x_wconf 87' lang='lat' dir='ltr'>quando</span> <span class='ocrx_word' id='word_1_316' title='bbox 736 1921 847 1962; x_wconf 74' lang='lat' dir='ltr'>egredi</span> <span class='ocrx_word' id='word_1_317' title='bbox 873 1921 993 1952; x_wconf 86' lang='lat' dir='ltr'>debent</span> <span class='ocrx_word' id='word_1_318' title='bbox 1018 1921 1057 1952; x_wconf 86' lang='lat' dir='ltr'>de</span> <span class='ocrx_word' id='word_1_319' title='bbox 1082 1922 1285 1952; x_wconf 85' lang='lat' dir='ltr'>monasteriis</span> <span class='ocrx_word' id='word_1_320' title='bbox 1312 1933 1370 1963; x_wconf 88' lang='lat' dir='ltr'>pro</span> <span class='ocrx_word' id='word_1_321' title='bbox 1394 1921 1530 1953; x_wconf 89' lang='lat' dir='ltr'>utilitate</span> <span class='ocrx_word' id='word_1_322' title='bbox 1556 1933 1622 1952; x_wconf 89' lang='lat' dir='ltr'>sua.</span> <span class='ocrx_word' id='word_1_323' title='bbox 1668 1921 1831 1964; x_wconf 77' lang='lat' dir='ltr'>Talesque</span> <span class='ocrx_word' id='word_1_324' title='bbox 1856 1922 1926 1963; x_wconf 88' lang='lat' dir='ltr'>ipse</span> <span class='ocrx_word' id='word_1_325' title='bbox 1952 1921 2050 1953; x_wconf 86' lang='lat' dir='ltr'>abba-</span> 
     </span>
     <span class='ocr_line' id='line_1_33' title="bbox 402 1974 2050 2016; baseline 0.001 -11"><span class='ocrx_word' id='word_1_326' title='bbox 402 1976 498 2005; x_wconf 84' lang='lat' dir='ltr'>tissae</span> <span class='ocrx_word' id='word_1_327' title='bbox 525 1985 634 2005; x_wconf 87' lang='lat' dir='ltr'>secum</span> <span class='ocrx_word' id='word_1_328' title='bbox 659 1980 840 2013; x_wconf 80' lang='lat' dir='ltr'>assumant,</span> <span class='ocrx_word' id='word_1_329' title='bbox 874 1974 913 2005; x_wconf 88' lang='lat' dir='ltr'>de</span> <span class='ocrx_word' id='word_1_330' title='bbox 946 1974 1061 2016; x_wconf 85' lang='lat' dir='ltr'>quibus</span> <span class='ocrx_word' id='word_1_331' title='bbox 1093 1974 1274 2005; x_wconf 84' lang='lat' dir='ltr'>nullatenus</span> <span class='ocrx_word' id='word_1_332' title='bbox 1306 1974 1478 2005; x_wconf 87' lang='lat' dir='ltr'>redeuntes</span> <span class='ocrx_word' id='word_1_333' title='bbox 1507 1975 1643 2005; x_wconf 83' lang='lat' dir='ltr'>recitare</span> <span class='ocrx_word' id='word_1_334' title='bbox 1668 1980 1911 2016; x_wconf 88' lang='lat' dir='ltr'>praesummant</span> <span class='ocrx_word' id='word_1_335' title='bbox 1935 1976 2050 2006; x_wconf 88' lang='lat' dir='ltr'>ceteris</span> 
     </span>
     <span class='ocr_line' id='line_1_34' title="bbox 402 2026 1951 2069; baseline 0 -11"><span class='ocrx_word' id='word_1_336' title='bbox 402 2026 710 2061; x_wconf 72' lang='lat' dir='ltr'>sanctimonialibus.</span> <span class='ocrx_word' id='word_1_337' title='bbox 738 2028 822 2068; x_wconf 73' lang='lat' dir='ltr'>*quia</span> <span class='ocrx_word' id='word_1_338' title='bbox 849 2027 987 2068; x_wconf 88' lang='lat' dir='ltr'>plurima</span> <span class='ocrx_word' id='word_1_339' title='bbox 1011 2027 1185 2058; x_wconf 76' lang='lat' dir='ltr'>destructio</span> <span class='ocrx_word' id='word_1_340' title='bbox 1211 2027 1300 2063; x_wconf 58' lang='lat' dir='ltr'>est&#39;ss,</span> <span class='ocrx_word' id='word_1_341' title='bbox 1327 2028 1409 2058; x_wconf 83' lang='lat' dir='ltr'>sicut</span> <span class='ocrx_word' id='word_1_342' title='bbox 1432 2028 1464 2058; x_wconf 91' lang='lat' dir='ltr'>in</span> <span class='ocrx_word' id='word_1_343' title='bbox 1490 2034 1601 2058; x_wconf 84' lang='lat' dir='ltr'>saneta</span> <span class='ocrx_word' id='word_1_344' title='bbox 1624 2028 1737 2069; x_wconf 84' lang='lat' dir='ltr'>regula</span> <span class='ocrx_word' id='word_1_345' title='bbox 1761 2029 1951 2058; x_wconf 83' lang='lat' dir='ltr'>continetur.</span> 
     </span>
    </p>
   </div>
   <div class='ocr_carea' id='block_1_12' title="bbox 399 2153 2096 2406">
    <p class='ocr_par' dir='ltr' id='par_1_14' title="bbox 508 2153 821 2184">
     <span class='ocr_line' id='line_1_35' title="bbox 508 2153 821 2184; baseline 0 -7"><span class='ocrx_word' id='word_1_346' title='bbox 508 2154 595 2177; x_wconf 85' lang='lat' dir='ltr'>XVII.</span> <span class='ocrx_word' id='word_1_347' title='bbox 625 2155 639 2177; x_wconf 88' lang='grc'>6</span> <span class='ocrx_word' id='word_1_348' title='bbox 660 2153 769 2184; x_wconf 80' lang='lat' dir='ltr'>vapulet</span> <span class='ocrx_word' id='word_1_349' title='bbox 791 2155 821 2177; x_wconf 65' lang='grc' dir='ltr'>(ι’.</span> 
     </span>
    </p>

    <p class='ocr_par' dir='ltr' id='par_1_15' title="bbox 509 2198 2096 2223">
     <span class='ocr_line' id='line_1_36' title="bbox 509 2198 2096 2223; baseline -0.001 -2"><span class='ocrx_word' id='word_1_350' title='bbox 509 2198 629 2221; x_wconf 79' lang='lat' dir='ltr'>XVIIII.</span> <span class='ocrx_word' id='word_1_351' title='bbox 662 2198 692 2221; x_wconf 81' lang='lat'>12</span> <span class='ocrx_word' id='word_1_352' title='bbox 713 2201 738 2221; x_wconf 83' lang='lat' dir='ltr'>et</span> <span class='ocrx_word' id='word_1_353' title='bbox 760 2198 910 2221; x_wconf 67' lang='lat' dir='ltr'>doceantur</span> <span class='ocrx_word' id='word_1_354' title='bbox 931 2198 961 2221; x_wconf 77' lang='lat' dir='ltr'>G.</span> <span class='ocrx_word' id='word_1_355' title='bbox 2070 2205 2096 2223; x_wconf 80' lang='lat'>35</span> 
     </span>
    </p>

    <p class='ocr_par' dir='ltr' id='par_1_16' title="bbox 507 2242 826 2266">
     <span class='ocr_line' id='line_1_37' title="bbox 507 2242 826 2266; baseline 0 -1"><span class='ocrx_word' id='word_1_356' title='bbox 507 2242 578 2266; x_wconf 78' lang='lat' dir='ltr'>XXI.</span> <span class='ocrx_word' id='word_1_357' title='bbox 611 2243 640 2265; x_wconf 63' lang='grc'>18</span> <span class='ocrx_word' id='word_1_358' title='bbox 662 2245 687 2265; x_wconf 75' lang='lat' dir='ltr'>et</span> <span class='ocrx_word' id='word_1_359' title='bbox 708 2242 773 2265; x_wconf 62' lang='lat' dir='ltr'>deest</span> <span class='ocrx_word' id='word_1_360' title='bbox 796 2243 826 2265; x_wconf 73' lang='grc' dir='ltr'>(ι’.</span> 
     </span>
    </p>

    <p class='ocr_par' dir='ltr' id='par_1_17' title="bbox 399 2283 2050 2361">
     <span class='ocr_line' id='line_1_38' title="bbox 506 2283 2050 2317; baseline 0 -8"><span class='ocrx_word' id='word_1_361' title='bbox 506 2286 590 2310; x_wconf 80' lang='lat' dir='ltr'>XXV.</span> <span class='ocrx_word' id='word_1_362' title='bbox 622 2287 653 2310; x_wconf 81' lang='lat'>23</span> <span class='ocrx_word' id='word_1_363' title='bbox 682 2283 725 2316; x_wconf 80' lang='lat' dir='ltr'>Ut]</span> <span class='ocrx_word' id='word_1_364' title='bbox 746 2286 816 2309; x_wconf 72' lang='lat' dir='ltr'>nullo</span> <span class='ocrx_word' id='word_1_365' title='bbox 835 2294 937 2309; x_wconf 62' lang='lat' dir='ltr'>&#39;mamere</span> <span class='ocrx_word' id='word_1_366' title='bbox 953 2286 1065 2317; x_wconf 70' lang='lat' dir='ltr'>appo-silo</span> <span class='ocrx_word' id='word_1_367' title='bbox 1084 2286 1127 2310; x_wconf 75' lang='grc'><strong>110(-</strong></span> <span class='ocrx_word' id='word_1_368' title='bbox 1144 2290 1219 2317; x_wconf 73' lang='lat' dir='ltr'>caput</span> <span class='ocrx_word' id='word_1_369' title='bbox 1238 2286 1263 2310; x_wconf 81' lang='lat' dir='ltr'>in</span> <span class='ocrx_word' id='word_1_370' title='bbox 1279 2286 1300 2309; x_wconf 82' lang='lat' dir='ltr'><em>G</em></span> <span class='ocrx_word' id='word_1_371' title='bbox 1314 2286 1428 2317; x_wconf 70' lang='lat' dir='ltr'>i¹17tyitur</span> <span class='ocrx_word' id='word_1_372' title='bbox 1446 2294 1501 2309; x_wconf 74' lang='lat' dir='ltr'>cum</span> <span class='ocrx_word' id='word_1_373' title='bbox 1517 2286 1647 2315; x_wconf 69' lang='lat' dir='ltr'>anteriore,</span> <span class='ocrx_word' id='word_1_374' title='bbox 1670 2290 1696 2310; x_wconf 74' lang='lat' dir='ltr'>nt</span> <span class='ocrx_word' id='word_1_375' title='bbox 1716 2287 1811 2310; x_wconf 67' lang='grc' dir='ltr'><strong>1111711(ϊί</strong></span> <span class='ocrx_word' id='word_1_376' title='bbox 1830 2287 1939 2317; x_wconf 67' lang='lat' dir='ltr'>capitum</span> <span class='ocrx_word' id='word_1_377' title='bbox 1960 2286 2016 2310; x_wconf 75' lang='lat' dir='ltr'>[mle</span> <span class='ocrx_word' id='word_1_378' title='bbox 2035 2295 2050 2310; x_wconf 86' lang='lat' dir='ltr'>a</span> 
     </span>
     <span class='ocr_line' id='line_1_39' title="bbox 399 2330 1040 2361; baseline -0.002 -7"><span class='ocrx_word' id='word_1_379' title='bbox 399 2331 478 2361; x_wconf 75' lang='lat' dir='ltr'>capite</span> <span class='ocrx_word' id='word_1_380' title='bbox 499 2332 540 2354; x_wconf 76' lang='lat'>26.</span> <span class='ocrx_word' id='word_1_381' title='bbox 560 2330 699 2361; x_wconf 71' lang='lat' dir='ltr'>discrepent</span> <span class='ocrx_word' id='word_1_382' title='bbox 718 2330 747 2353; x_wconf 77' lang='lat' dir='ltr'>ab</span> <span class='ocrx_word' id='word_1_383' title='bbox 768 2330 848 2353; x_wconf 68' lang='lat' dir='ltr'>indice</span> <span class='ocrx_word' id='word_1_384' title='bbox 867 2330 1040 2361; x_wconf 69' lang='lat' dir='ltr'>capitulorum.</span> 
     </span>
    </p>

    <p class='ocr_par' dir='ltr' id='par_1_18' title="bbox 506 2371 1605 2406">
     <span class='ocr_line' id='line_1_40' title="bbox 506 2371 1605 2406; baseline -0.001 -8"><span class='ocrx_word' id='word_1_385' title='bbox 506 2374 619 2398; x_wconf 84' lang='lat' dir='ltr'>XXVII.</span> <span class='ocrx_word' id='word_1_386' title='bbox 649 2376 682 2397; x_wconf 56' lang='lat'>3«)</span> <span class='ocrx_word' id='word_1_387' title='bbox 704 2375 862 2405; x_wconf 78' lang='lat' dir='ltr'>prevideant</span> <span class='ocrx_word' id='word_1_388' title='bbox 883 2387 916 2389; x_wconf 96' lang='lat'><strong>—</strong></span> <span class='ocrx_word' id='word_1_389' title='bbox 936 2371 1060 2405; x_wconf 78' lang='lat' dir='ltr'>negetur]</span> <span class='ocrx_word' id='word_1_390' title='bbox 1081 2375 1272 2406; x_wconf 84' lang='lat' dir='ltr'>prevideantur</span> <span class='ocrx_word' id='word_1_391' title='bbox 1293 2375 1330 2398; x_wconf 77' lang='lat' dir='ltr'>eis</span> <span class='ocrx_word' id='word_1_392' title='bbox 1351 2382 1403 2398; x_wconf 90' lang='lat' dir='ltr'>non</span> <span class='ocrx_word' id='word_1_393' title='bbox 1424 2378 1554 2405; x_wconf 79' lang='lat' dir='ltr'>negentur</span> <span class='ocrx_word' id='word_1_394' title='bbox 1575 2376 1605 2398; x_wconf 78' lang='grc' dir='ltr'>(ι’.</span> 
     </span>
    </p>
   </div>
   <div class='ocr_carea' id='block_1_13' title="bbox 392 2479 2095 2781">
    <p class='ocr_par' dir='ltr' id='par_1_19' title="bbox 392 2479 2095 2624">
     <span class='ocr_line' id='line_1_41' title="bbox 511 2479 2095 2517; baseline 0 -10"><span class='ocrx_word' id='word_1_395' title='bbox 511 2481 538 2512; x_wconf 91' lang='grc'>1)</span> <span class='ocrx_word' id='word_1_396' title='bbox 566 2480 632 2510; x_wconf 78' lang='lat' dir='ltr'>Cum</span> <span class='ocrx_word' id='word_1_397' title='bbox 658 2481 767 2508; x_wconf 67' lang='lat' dir='ltr'>concilii</span> <span class='ocrx_word' id='word_1_398' title='bbox 793 2481 923 2508; x_wconf 73' lang='lat' dir='ltr'>Clmleed.</span> <span class='ocrx_word' id='word_1_399' title='bbox 950 2492 971 2507; x_wconf 72' lang='grc' dir='ltr'>ι’.</span> <span class='ocrx_word' id='word_1_400' title='bbox 995 2482 1032 2509; x_wconf 81' lang='grc'>18</span> <span class='ocrx_word' id='word_1_401' title='bbox 1058 2479 1170 2517; x_wconf 65' lang='lat' dir='ltr'>(Mam-i</span> <span class='ocrx_word' id='word_1_402' title='bbox 1192 2482 1254 2515; x_wconf 82' lang='lat' dir='ltr'>VII,</span> <span class='ocrx_word' id='word_1_403' title='bbox 1279 2479 1354 2517; x_wconf 78' lang='lat'>378)</span> <span class='ocrx_word' id='word_1_404' title='bbox 1380 2483 1414 2508; x_wconf 89' lang='lat' dir='ltr'>de</span> <span class='ocrx_word' id='word_1_405' title='bbox 1441 2483 1630 2509; x_wconf 81' lang='lat' dir='ltr'>coniuratione</span> <span class='ocrx_word' id='word_1_406' title='bbox 1655 2483 1701 2507; x_wconf 77' lang='lat' dir='ltr'>vel</span> <span class='ocrx_word' id='word_1_407' title='bbox 1728 2483 1933 2517; x_wconf 81' lang='lat' dir='ltr'>conspiratione</span> <span class='ocrx_word' id='word_1_408' title='bbox 1965 2481 2049 2509; x_wconf 79' lang='lat' dir='ltr'>verba</span> <span class='ocrx_word' id='word_1_409' title='bbox 2068 2490 2095 2507; x_wconf 71' lang='lat'>40</span> 
     </span>
     <span class='ocr_line' id='line_1_42' title="bbox 392 2531 2048 2572; baseline 0.001 -11"><span class='ocrx_word' id='word_1_410' title='bbox 392 2535 479 2572; x_wconf 76' lang='lat' dir='ltr'>fiant,</span> <span class='ocrx_word' id='word_1_411' title='bbox 512 2534 616 2568; x_wconf 75' lang='lat' dir='ltr'>IIefeIc</span> <span class='ocrx_word' id='word_1_412' title='bbox 646 2531 676 2569; x_wconf 84' lang='lat' dir='ltr'>(l.</span> <span class='ocrx_word' id='word_1_413' title='bbox 704 2535 720 2560; x_wconf 86' lang='grc' dir='ltr'>Ι.</span> <span class='ocrx_word' id='word_1_414' title='bbox 748 2533 803 2566; x_wconf 72' lang='lat' dir='ltr'>III,</span> <span class='ocrx_word' id='word_1_415' title='bbox 830 2532 900 2569; x_wconf 74' lang='lat' dir='ltr'>73o)</span> <span class='ocrx_word' id='word_1_416' title='bbox 933 2534 1001 2560; x_wconf 71' lang='lat' dir='ltr'>haer</span> <span class='ocrx_word' id='word_1_417' title='bbox 1032 2534 1114 2561; x_wconf 67' lang='lat' dir='ltr'>verba</span> <span class='ocrx_word' id='word_1_418' title='bbox 1138 2535 1208 2560; x_wconf 79' lang='lat' dir='ltr'>sicut</span> <span class='ocrx_word' id='word_1_419' title='bbox 1234 2549 1275 2552; x_wconf 86' lang='lat'>—</span> <span class='ocrx_word' id='word_1_420' title='bbox 1301 2535 1422 2561; x_wconf 77' lang='lat' dir='ltr'>XVIIII.</span> <span class='ocrx_word' id='word_1_421' title='bbox 1456 2535 1544 2561; x_wconf 79' lang='lat' dir='ltr'>minus</span> <span class='ocrx_word' id='word_1_422' title='bbox 1575 2539 1647 2562; x_wconf 76' lang='lat' dir='ltr'>recte</span> <span class='ocrx_word' id='word_1_423' title='bbox 1671 2545 1689 2561; x_wconf 85' lang='grc' dir='ltr'><em>α</em></span> <span class='ocrx_word' id='word_1_424' title='bbox 1714 2535 1851 2571; x_wconf 80' lang='lat' dir='ltr'>scriptore</span> <span class='ocrx_word' id='word_1_425' title='bbox 1881 2535 1981 2562; x_wconf 67' lang='lat' dir='ltr'>codicis</span> <span class='ocrx_word' id='word_1_426' title='bbox 2014 2545 2048 2562; x_wconf 70' lang='lat' dir='ltr'>em</span> 
     </span>
     <span class='ocr_line' id='line_1_43' title="bbox 400 2585 2046 2624; baseline 0.002 -12"><span class='ocrx_word' id='word_1_427' title='bbox 400 2587 490 2623; x_wconf 60' lang='lat' dir='ltr'>eapite</span> <span class='ocrx_word' id='word_1_428' title='bbox 514 2589 541 2615; x_wconf 88' lang='lat'>6.</span> <span class='ocrx_word' id='word_1_429' title='bbox 568 2587 620 2613; x_wconf 75' lang='lat' dir='ltr'>huc</span> <span class='ocrx_word' id='word_1_430' title='bbox 644 2587 785 2613; x_wconf 69' lang='lat' dir='ltr'>translata</span> <span class='ocrx_word' id='word_1_431' title='bbox 810 2596 867 2613; x_wconf 73' lang='lat' dir='ltr'>esse</span> <span class='ocrx_word' id='word_1_432' title='bbox 886 2591 978 2622; x_wconf 69' lang='lat' dir='ltr'>putat.</span> <span class='ocrx_word' id='word_1_433' title='bbox 1073 2587 1102 2619; x_wconf 81' lang='grc'><strong>2)</strong></span> <span class='ocrx_word' id='word_1_434' title='bbox 1130 2587 1233 2614; x_wconf 71' lang='lat' dir='ltr'>Concil.</span> <span class='ocrx_word' id='word_1_435' title='bbox 1260 2587 1360 2614; x_wconf 72' lang='lat' dir='ltr'>Nicen.</span> <span class='ocrx_word' id='word_1_436' title='bbox 1387 2597 1408 2614; x_wconf 78' lang='lat' dir='ltr'>c.</span> <span class='ocrx_word' id='word_1_437' title='bbox 1426 2589 1444 2615; x_wconf 78' lang='lat'><em>3</em></span> <span class='ocrx_word' id='word_1_438' title='bbox 1469 2585 1581 2623; x_wconf 56' lang='lat' dir='ltr'>(Alanoi</span> <span class='ocrx_word' id='word_1_439' title='bbox 1604 2588 1642 2621; x_wconf 84' lang='lat' dir='ltr'>II,</span> <span class='ocrx_word' id='word_1_440' title='bbox 1669 2585 1754 2624; x_wconf 76' lang='lat'>678).</span> <span class='ocrx_word' id='word_1_441' title='bbox 1805 2586 1852 2622; x_wconf 60' lang='lat' dir='ltr'>Qf&#39;·</span> <span class='ocrx_word' id='word_1_442' title='bbox 1879 2588 1914 2614; x_wconf 90' lang='lat' dir='ltr'>L.</span> <span class='ocrx_word' id='word_1_443' title='bbox 1934 2587 2046 2615; x_wconf 74' lang='lat' dir='ltr'>Baizcw.</span> 
     </span>
    </p>

    <p class='ocr_par' dir='ltr' id='par_1_20' title="bbox 400 2638 2095 2781">
     <span class='ocr_line' id='line_1_44' title="bbox 400 2638 2047 2677; baseline 0.001 -11"><span class='ocrx_word' id='word_1_444' title='bbox 400 2640 422 2669; x_wconf 77' lang='lat' dir='ltr'>I,</span> <span class='ocrx_word' id='word_1_445' title='bbox 454 2641 496 2673; x_wconf 66' lang='lat'>12,</span> <span class='ocrx_word' id='word_1_446' title='bbox 527 2638 598 2667; x_wconf 82' lang='lat' dir='ltr'>MG.</span> <span class='ocrx_word' id='word_1_447' title='bbox 626 2639 687 2666; x_wconf 91' lang='lat' dir='ltr'>LL.</span> <span class='ocrx_word' id='word_1_448' title='bbox 715 2639 769 2672; x_wconf 80' lang='lat' dir='ltr'>III,</span> <span class='ocrx_word' id='word_1_449' title='bbox 796 2641 869 2667; x_wconf 64' lang='lat'>277.</span> <span class='ocrx_word' id='word_1_450' title='bbox 964 2640 992 2671; x_wconf 87' lang='grc'><strong>3)</strong></span> <span class='ocrx_word' id='word_1_451' title='bbox 1019 2640 1129 2676; x_wconf 67' lang='lat' dir='ltr'>Regjula</span> <span class='ocrx_word' id='word_1_452' title='bbox 1154 2639 1260 2666; x_wconf 74' lang='lat' dir='ltr'>Bened.</span> <span class='ocrx_word' id='word_1_453' title='bbox 1287 2650 1308 2666; x_wconf 66' lang='lat' dir='ltr'>r.</span> <span class='ocrx_word' id='word_1_454' title='bbox 1326 2642 1366 2668; x_wconf 78' lang='lat'>58</span> <span class='ocrx_word' id='word_1_455' title='bbox 1398 2640 1438 2667; x_wconf 75' lang='lat' dir='ltr'>erl.</span> <span class='ocrx_word' id='word_1_456' title='bbox 1465 2640 1608 2677; x_wconf 55' lang='lat' dir='ltr'>lVoeffiflin</span> <span class='ocrx_word' id='word_1_457' title='bbox 1628 2651 1659 2677; x_wconf 76' lang='lat' dir='ltr'>p.</span> <span class='ocrx_word' id='word_1_458' title='bbox 1679 2642 1728 2669; x_wconf 73' lang='lat'>56.</span> <span class='ocrx_word' id='word_1_459' title='bbox 1821 2641 1851 2674; x_wconf 83' lang='lat'>4)</span> <span class='ocrx_word' id='word_1_460' title='bbox 1879 2640 1926 2675; x_wconf 76' lang='lat' dir='ltr'>Cf.</span> <span class='ocrx_word' id='word_1_461' title='bbox 1952 2641 2047 2668; x_wconf 76' lang='lat' dir='ltr'>concil.</span> 
     </span>
     <span class='ocr_line' id='line_1_45' title="bbox 402 2692 2045 2729; baseline 0.006 -19"><span class='ocrx_word' id='word_1_462' title='bbox 402 2693 526 2719; x_wconf 42' lang='lat' dir='ltr'>majoch.</span> <span class='ocrx_word' id='word_1_463' title='bbox 559 2703 597 2718; x_wconf 64' lang='lat' dir='ltr'>vv.</span> <span class='ocrx_word' id='word_1_464' title='bbox 623 2694 669 2720; x_wconf 84' lang='lat'>11.</span> <span class='ocrx_word' id='word_1_465' title='bbox 699 2693 743 2725; x_wconf 58' lang='lat'>12,</span> <span class='ocrx_word' id='word_1_466' title='bbox 779 2692 877 2718; x_wconf 64' lang='lat' dir='ltr'>Mami</span> <span class='ocrx_word' id='word_1_467' title='bbox 901 2692 938 2725; x_wconf 76' lang='lat' dir='ltr'>ll,</span> <span class='ocrx_word' id='word_1_468' title='bbox 966 2694 1050 2720; x_wconf 66' lang='lat'>13:23.</span> <span class='ocrx_word' id='word_1_469' title='bbox 1106 2693 1209 2719; x_wconf 64' lang='lat' dir='ltr'>Isso-oli</span> <span class='ocrx_word' id='word_1_470' title='bbox 1233 2693 1364 2720; x_wconf 74' lang='lat' dir='ltr'>admonit.</span> <span class='ocrx_word' id='word_1_471' title='bbox 1394 2702 1489 2729; x_wconf 57' lang='lat' dir='ltr'>gener.</span> <span class='ocrx_word' id='word_1_472' title='bbox 1516 2694 1574 2721; x_wconf 77' lang='lat'>789</span> <span class='ocrx_word' id='word_1_473' title='bbox 1606 2704 1627 2720; x_wconf 78' lang='lat'>(¹.</span> <span class='ocrx_word' id='word_1_474' title='bbox 1654 2695 1699 2726; x_wconf 76' lang='lat'>10,</span> <span class='ocrx_word' id='word_1_475' title='bbox 1734 2692 1806 2721; x_wconf 82' lang='lat' dir='ltr'>MG.</span> <span class='ocrx_word' id='word_1_476' title='bbox 1834 2692 1925 2729; x_wconf 79' lang='lat' dir='ltr'>Capit.</span> <span class='ocrx_word' id='word_1_477' title='bbox 1950 2693 1973 2727; x_wconf 87' lang='lat' dir='ltr'>I,</span> <span class='ocrx_word' id='word_1_478' title='bbox 1999 2695 2045 2722; x_wconf 84' lang='lat'>55.</span> 
     </span>
     <span class='ocr_line' id='line_1_46' title="bbox 407 2745 2095 2781; baseline 0.001 -9"><span class='ocrx_word' id='word_1_479' title='bbox 407 2746 436 2772; x_wconf 85' lang='lat' dir='ltr'>V.</span> <span class='ocrx_word' id='word_1_480' title='bbox 460 2755 549 2781; x_wconf 73' lang='lat' dir='ltr'>supra</span> <span class='ocrx_word' id='word_1_481' title='bbox 574 2755 595 2772; x_wconf 79' lang='grc'><strong>0.</strong></span> <span class='ocrx_word' id='word_1_482' title='bbox 615 2748 640 2773; x_wconf 73' lang='grc'>3.</span> <span class='ocrx_word' id='word_1_483' title='bbox 742 2746 771 2777; x_wconf 84' lang='grc'><strong>5)</strong></span> <span class='ocrx_word' id='word_1_484' title='bbox 805 2745 914 2781; x_wconf 65' lang='lat' dir='ltr'>Regsnla</span> <span class='ocrx_word' id='word_1_485' title='bbox 939 2745 1045 2773; x_wconf 71' lang='lat' dir='ltr'>Bened.</span> <span class='ocrx_word' id='word_1_486' title='bbox 1072 2755 1093 2771; x_wconf 79' lang='lat' dir='ltr'>c.</span> <span class='ocrx_word' id='word_1_487' title='bbox 1112 2746 1159 2778; x_wconf 63' lang='lat'>67,</span> <span class='ocrx_word' id='word_1_488' title='bbox 1192 2746 1209 2771; x_wconf 86' lang='lat' dir='ltr'>l.</span> <span class='ocrx_word' id='word_1_489' title='bbox 1236 2746 1252 2771; x_wconf 82' lang='lat' dir='ltr'>l.</span> <span class='ocrx_word' id='word_1_490' title='bbox 1273 2756 1304 2781; x_wconf 79' lang='lat' dir='ltr'>p.</span> <span class='ocrx_word' id='word_1_491' title='bbox 1332 2748 1386 2773; x_wconf 75' lang='lat'>66:</span> <span class='ocrx_word' id='word_1_492' title='bbox 1420 2746 1478 2773; x_wconf 88' lang='lat' dir='ltr'>Nee</span> <span class='ocrx_word' id='word_1_493' title='bbox 1503 2750 1663 2781; x_wconf 83' lang='lat' dir='ltr'>praesumat</span> <span class='ocrx_word' id='word_1_494' title='bbox 1689 2747 1834 2781; x_wconf 81' lang='lat' dir='ltr'>quisquam</span> <span class='ocrx_word' id='word_1_495' title='bbox 1859 2747 1911 2773; x_wconf 87' lang='lat' dir='ltr'>alio</span> <span class='ocrx_word' id='word_1_496' title='bbox 1936 2747 2046 2773; x_wconf 78' lang='lat' dir='ltr'>referre</span> <span class='ocrx_word' id='word_1_497' title='bbox 2068 2753 2095 2770; x_wconf 63' lang='lat'>⁴5»</span> 
     </span>
    </p>
   </div>
   <div class='ocr_carea' id='block_1_14' title="bbox 400 2798 1727 2833">
    <p class='ocr_par' dir='ltr' id='par_1_21' title="bbox 400 2798 1727 2833">
     <span class='ocr_line' id='line_1_47' title="bbox 400 2798 1727 2833; baseline 0.001 -9"><span class='ocrx_word' id='word_1_498' title='bbox 400 2807 593 2832; x_wconf 75' lang='lat' dir='ltr'>quaecumque</span> <span class='ocrx_word' id='word_1_499' title='bbox 620 2799 692 2824; x_wconf 75' lang='lat' dir='ltr'>foras</span> <span class='ocrx_word' id='word_1_500' title='bbox 717 2798 883 2824; x_wconf 77' lang='lat' dir='ltr'>monasterio</span> <span class='ocrx_word' id='word_1_501' title='bbox 909 2799 1009 2825; x_wconf 82' lang='lat' dir='ltr'>viderit</span> <span class='ocrx_word' id='word_1_502' title='bbox 1034 2802 1081 2824; x_wconf 81' lang='lat' dir='ltr'>aut</span> <span class='ocrx_word' id='word_1_503' title='bbox 1107 2799 1237 2825; x_wconf 80' lang='lat' dir='ltr'>audierit.</span> <span class='ocrx_word' id='word_1_504' title='bbox 1265 2799 1329 2832; x_wconf 77' lang='lat' dir='ltr'>quia</span> <span class='ocrx_word' id='word_1_505' title='bbox 1354 2799 1477 2833; x_wconf 82' lang='lat' dir='ltr'>plurima</span> <span class='ocrx_word' id='word_1_506' title='bbox 1501 2800 1648 2825; x_wconf 71' lang='lat' dir='ltr'>distructis&gt;</span> <span class='ocrx_word' id='word_1_507' title='bbox 1675 2803 1727 2826; x_wconf 87' lang='lat' dir='ltr'>est.</span> 
     </span>
    </p>
   </div>
  </div>
 </body>
</html>
