2242 3085
71 740 98 758 10

70 1005 96 1024 15

68 1311 96 1329 2⁴¹

69 1612 97 1631 25

71 1880 99 1898 30

71 2411 101 2428 40

602 155 650 181 14.
688 154 905 182 CONCILIUM
931 155 1129 183 ROMANUM
1155 157 1190 182 A.
1215 157 1288 183 769.
1727 154 1768 184 83

115 247 306 290 angelorum
330 247 442 290 chor(i)
467 248 589 290 pariter
613 259 686 279 cum
711 248 854 278 omnium
878 253 1062 279 sanctorum
1088 254 1181 279 coetu
1206 249 1362 280 ineffabili
1380 249 1548 281 nobiscnm
1566 250 1769 291 gratulantur

117 301 256 340 laeticia,
289 306 459 332 cernentes
484 302 626 332 omnium
652 301 911 343 vivificator(em)
937 301 1092 342 Spiritum
1124 308 1269 332 sanctum
1303 302 1376 333 huic
1409 304 1626 334 sacratissimo
1651 304 1766 335 adesse

118 354 265 395 concilio,
291 355 443 396 quoniam
467 355 569 396 ipsius
594 359 731 385 testatur
755 355 946 396 praesencia
971 355 1180 395 congregatio
1207 355 1433 388 sacerdotmn⁷.

223 407 408 450 Stephanus
433 408 654 438 sanctissimus
680 418 718 438 ac
743 407 949 438 beatissimus
974 408 1146 449 episcopus
1172 413 1303 438 sanctae
1322 408 1385 439 Dei
1403 409 1561 439 ecclesiae
1587 410 1766 441 catholicae

117 465 213 503 atque
245 460 441 502 apostolicae
469 460 557 492 urbis
582 461 703 491 Romae
735 460 833 491 dixit:
873 460 1006 491 ‘Divina
1036 460 1257 491 illustracione
1292 461 1483 492 informatus
1516 462 1652 493 dilectus
1683 463 1767 493 filius

116 519 225 545 noster
245 513 497 556 Ohristophorus
521 514 725 556 primicerius
751 525 790 545 ea
813 525 871 544 nos
896 513 1095 555 adgreditur,
1121 525 1204 556 quae
1229 514 1374 556 profecto
1400 514 1440 544 ad
1465 526 1617 556 magnam
1635 521 1766 547 sanctae

117 566 295 598 catholicae
327 572 359 598 et
383 567 580 609 apostolicae
605 572 671 597 toto
696 566 774 597 orbe
801 566 915 598 diffuse
940 572 1069 597 nostrae
1095 567 1240 597 Romane
1265 567 1424 598 ecclesiae
1449 568 1570 609 vigoris
1595 580 1767 599 censuram

117 625 148 651 et
172 620 325 651 olitanam
342 620 411 651 eius
431 620 644 651 tradicionem
668 620 832 662 pertinere
857 625 1043 659 noscuntur,
1070 626 1101 651 et
1125 620 1276 650 nimirum
1294 625 1429 659 constat,
1455 621 1542 662 quod
1559 622 1642 652 inter
1659 627 1769 652 cetera

117 673 310 715 spiritalium
335 684 469 715 operum
493 673 600 704 studia
623 672 678 704 illa
702 672 917 715 praeferenda
941 678 1024 713 sunt,
1050 684 1133 715 quae
1159 673 1200 704 ad
1226 673 1360 704 salutem
1384 674 1559 715 proficiunt
1575 675 1765 705 animarum.

117 726 340 757 Subsecuntur
364 727 449 757 enim
473 737 639 768 prospera,
665 727 691 756 si
715 726 863 768 primitus
889 737 972 768 quae
996 726 1069 757 Deo
1095 732 1168 757 sunt
1193 727 1319 757 cariora
1343 727 1574 768 perficiantur'.

222 779 377 810 Universi
394 779 598 810 venerabiles
616 780 762 821 episcopi
783 779 952 810 dixerunt:
978 779 1109 811 ‘Subtili
1125 780 1299 810 refertione
1318 781 1539 811 sanctissimus
1556 781 1607 811 vir
1624 780 1766 811 Christo-

116 832 246 874 phorus,
281 833 484 874 primicerius
519 833 718 864 notariorum
754 838 885 863 sanctae
922 832 1008 863 sedis
1044 833 1259 874 apostolicae,
1296 832 1389 864 nobis
1426 833 1555 864 aedicat
1593 845 1646 872 ea,
1683 845 1766 875 quae

115 885 249 917 brachio
281 886 376 917 fortia
406 885 700 928 transgressoribus
733 891 763 916 et
795 885 991 927 apostolicae
1024 886 1110 916 sedis
1142 886 1347 917 invasoribus
1372 886 1536 917 diabolica
1560 887 1767 928 instigatione

116 944 303 981 perpetrata
327 945 416 979 sunt3
450 945 482 970 et
505 951 590 970 nova
613 939 834 981 praesumptio
866 939 941 970 huic
974 945 1200 970 sacrosanctae
1232 939 1398 971 Romanae
1430 940 1566 982 inrepsit
1598 940 1766 979 ecclesiae,

117 998 285 1034 quatenus,
317 992 440 1035 liquido
472 998 685 1034 agnoscentes
717 993 764 1023 rei
796 992 995 1034 qualitatem,
1032 991 1151 1023 obtime
1184 993 1299 1023 instrui
1330 993 1497 1024 valeamus
1529 1005 1577 1030 ea,
1611 1004 1693 1035 quae
1718 994 1767 1024 fas

116 1046 228 1087 exigit,
254 1046 430 1077 decernere
452 1051 483 1077 et
507 1046 686 1077 secundum
711 1051 896 1076 sanctorum
922 1051 1048 1087 patrum
1074 1051 1105 1076 et
1130 1057 1289 1076 canonum
1315 1047 1461 1077 instituta
1486 1046 1722 1078 determinare'.

223 1098 484 1141 Christophorus,
521 1099 723 1141 primicerius
756 1099 956 1130 notariorum
988 1105 1120 1130 sanctae
1153 1099 1238 1129 sedis
1271 1099 1479 1141 apostolicae,
1516 1099 1618 1130 verba
1651 1100 1768 1131 fatiens

116 1152 311 1183 universalis
338 1152 401 1183 Dei
432 1153 597 1183 Romanae
630 1152 788 1183 ecclesiae
821 1158 853 1183 et
883 1153 986 1183 tocius
1018 1152 1106 1191 cleri,
1140 1152 1238 1183 dixit:
1272 1152 1447 1194 ‘Contigitl
1478 1164 1538 1195 per
1572 1158 1768 1184 transactam

225 1263 235 1285 1
265 1259 378 1292 chorso]
410 1262 445 1286 ita
474 1262 561 1286 Cenni.
652 1263 666 1286 2
696 1260 930 1292 vivificator(em)]
959 1262 995 1285 ita
1024 1262 1110 1286 ζἐητιιῗ.
1203 1262 1217 1284 3
1246 1260 1415 1292 praesencia]
1444 1262 1479 1286 ita
1506 1262 1532 1291 Γ]
1561 1263 1768 1293 praesenciam?

116 1307 131 1330 8
152 1303 292 1337 olitanam]
313 1306 338 1329 id
358 1310 392 1330 est
410 1315 472 1338 quae
490 1306 548 1330 olim
563 1306 628 1338 suit.
698 1308 725 1330 11
749 1304 904 1336 refertione]
927 1306 953 1330 id
971 1310 1007 1330 est
1024 1306 1151 1330 relatione.
1227 1307 1258 1330 13
1279 1307 1523 1337 transgressoribus
1537 1320 1571 1322 —
1585 1305 1770 1337 invasoribus]

114 1350 236 1381 intelliye:
256 1359 271 1374 α
292 1351 509 1382 transgressoribus
528 1364 563 1366 —
581 1351 611 1374 ab
631 1351 791 1375 invasmibus.

227 1439 255 1476 l)
286 1441 397 1477 Repetit
421 1441 495 1467 ham
513 1440 708 1477 Clzrz'stopltori
736 1441 896 1469 relatiomm
919 1441 1076 1474 Dur-luem,
1102 1442 1119 1468 l.
1138 1442 1154 1467 l.
1176 1451 1207 1477 p.
1226 1442 1287 1470 480
1311 1452 1379 1468 mm.
1404 1443 1432 1469 2.
1477 1441 1539 1468 Vita
1559 1441 1696 1478 Stephani
1712 1442 1768 1468 III.

117 1491 152 1529 (l.
170 1495 187 1520 l.
201 1504 232 1530 p.
251 1495 310 1522 468
323 1491 378 1530 sq.)
399 1498 465 1530 post
482 1494 564 1521 verba
577 1505 607 1531 l).
627 1496 668 1523 82
684 1504 752 1522 ann.
773 1496 787 1522 l
807 1495 925 1521 laudata
937 1494 1049 1531 pergit:
1074 1495 1113 1520 At
1130 1504 1197 1521 vero
1214 1495 1336 1521 nondum
1354 1495 1444 1521 adhuc
1462 1495 1588 1529 spiritum
1607 1495 1768 1531 exalaverat

117 1544 191 1582 (seil.
211 1547 318 1574 Paulus
328 1549 439 1584 papa),
469 1548 531 1574 ilico
548 1548 621 1574 Toto
639 1548 751 1582 quidam
769 1549 834 1580 dux,
861 1548 1021 1582 Nepesinae
1041 1548 1163 1574 civitatis
1181 1544 1280 1581 (hodie
1296 1547 1390 1584 lVepz')
1409 1549 1514 1574 dudum
1531 1548 1683 1581 habitator,
1708 1558 1770 1574 cum

117 1602 173 1627 suis
196 1602 336 1636 germanis
362 1600 557 1633 Constantino,
588 1601 705 1627 Passibo
736 1605 765 1627 et
789 1602 936 1634 Paschale,
966 1605 1156 1636 aggregantes
1188 1605 1244 1627 tam
1277 1610 1310 1628 ex
1336 1602 1435 1628 eadem
1460 1602 1605 1636 Nepesina
1629 1611 1768 1636 quamque

117 1664 150 1681 ex
181 1655 241 1680 aliis
266 1655 386 1681 Tusciae
419 1655 581 1681 civitatibus
612 1655 823 1681 multitudinem
856 1655 996 1682 exercitus
1028 1658 1114 1689 atque
1146 1658 1289 1681 catervam
1320 1656 1484 1681 rusticorum
1517 1655 1768 1690 ingredientesque

115 1717 167 1742 per
191 1712 299 1742 portam
330 1708 407 1734 beati
432 1708 574 1734 Pauci-atii
606 1709 633 1734 in
664 1709 734 1734 hane
759 1708 910 1734 Romanam
942 1709 1039 1735 urbem
1070 1709 1163 1742 adque
1198 1709 1226 1734 in
1257 1709 1338 1734 domo
1366 1709 1504 1735 antedicti
1529 1709 1645 1735 Totonis
1670 1709 1769 1735 armati

116 1762 289 1788 adsistentes
315 1761 463 1796 elegerunt
489 1761 593 1788 ibidem
625 1762 717 1787 subito
742 1761 967 1793 Constantinum⁷
1001 1762 1116 1788 fratrem
1151 1762 1276 1788 eiusdem
1300 1762 1427 1794 Totonis,
1458 1762 1558 1788 laicum
1590 1763 1769 1788 existentem.

118 1814 208 1845 Quem
233 1824 294 1840 cum
326 1815 407 1841 armis
438 1815 548 1849 plurimi
574 1824 668 1841 eorum
693 1815 784 1841 loricis
810 1815 900 1841 induti
925 1815 1127 1841 latrocinanter
1159 1816 1186 1841 in
1211 1816 1434 1842 Lateranensem
1457 1815 1657 1850 patriarchium
1681 1816 1768 1841 intro-

117 1869 268 1894 duxerunt.
316 1868 352 1894 Et
384 1869 572 1895 ascendentes
602 1878 663 1894 cum
696 1877 728 1895 eo
757 1869 783 1894 in
816 1869 1010 1900 vicedominio,
1042 1869 1173 1894 continuo
1206 1869 1342 1895 accersito
1375 1868 1498 1903 Georgio
1531 1869 1662 1903 episcopo
1694 1868 1768 1900 (scil.

120 1920 314 1954 Praenestino,
353 1922 386 1948 de
409 1932 462 1958 quo
487 1922 526 1956 ‘'f-
553 1923 570 1948 I.
597 1922 613 1948 l.
634 1932 666 1958 Ρ,
684 1922 742 1949 469
768 1926 792 1948 et
814 1923 872 1950 481
898 1932 965 1948 ann.
991 1923 1019 1950 8.
1046 1920 1107 1953 11)
1141 1922 1328 1956 conpulerunt
1355 1931 1417 1948 eum
1442 1923 1595 1948 orationem
1620 1922 1769 1948 clericatus

118 1975 210 2001 cidem
235 1974 420 2001 Constantino
446 1975 540 2001 tribui.
588 1975 652 2009 Ipse
685 1984 750 2001 vero
782 1976 891 2001 omnino
923 1976 974 2001 hoc
999 1976 1159 2002 rennuebat
1184 1976 1277 2002 facere
1304 1985 1492 2010 corruensque
1519 1979 1594 2001 terra
1617 1976 1769 2009 prostravit

117 2038 146 2053 se
172 2029 293 2063 pedibus
318 2029 404 2062 ipsius
430 2028 616 2059 Constantini,
644 2029 774 2054 adiurans
800 2038 862 2055 eum
886 2029 1000 2055 fortiter
1023 2038 1075 2063 per
1099 2030 1190 2055 onmia
1215 2029 1308 2055 divina
1338 2029 1471 2059 misteria,
1505 2033 1534 2054 ut
1566 2029 1655 2055 locum
1688 2029 1769 2055 daret

121 2086 148 2107 ct
174 2082 208 2108 ab
235 2082 359 2108 eiusdem
385 2082 484 2116 impiae
509 2082 744 2116 praesumptionis
769 2082 912 2116 proposito
937 2083 1099 2112 recederet,
1132 2092 1166 2108 ne
1199 2092 1251 2116 per
1276 2092 1338 2108 eum
1370 2083 1434 2108 talis
1459 2083 1585 2108 inaudita
1608 2083 1716 2108 novitas
1741 2083 1769 2107 in

70 2146 95 2163 :if
119 2135 240 2161 ecclesia
263 2136 317 2162 Dei
343 2135 436 2161 fieret.
484 2136 520 2161 Et
546 2136 611 2161 dum
634 2135 824 2161 huiuscemodi
851 2136 1033 2161 adiurationis
1058 2136 1199 2170 proferret
1224 2136 1320 2167 verba,
1353 2136 1485 2162 concitati
1510 2136 1618 2170 plurimi
1645 2145 1677 2161 ex
1702 2136 1769 2170 ipsis

118 2189 256 2223 malignis,
290 2189 335 2223 qui
363 2189 481 2215 eandem
506 2189 617 2223 impiam
643 2189 810 2215 electionem
835 2189 974 2221 fet-erant,
1008 2190 1188 2223 insurgentes
1213 2198 1299 2223 super
1323 2199 1385 2215 cum
1410 2193 1495 2223 atque
1521 2189 1633 2215 fortiter
1657 2189 1767 2215 commi-

119 2246 219 2269 nantes
245 2243 280 2274 ci,
313 2243 412 2269 timore
445 2247 591 2277 correptus
623 2243 775 2268 orationem
808 2242 847 2268 illi
879 2242 1028 2269 clericatus
1060 2243 1169 2268 tribuit.
1218 2243 1255 2268 Et
1286 2243 1326 2268 ita
1356 2242 1474 2268 clericus
1503 2243 1622 2268 effectus
1648 2242 1769 2268 eundem

119 2299 245 2322 sanetum
273 2296 496 2323 Lateranensem
532 2296 632 2321 invasit
669 2296 877 2330 patriarchium.
932 2296 995 2322 Alio
1031 2305 1097 2322 vero
1133 2297 1178 2321 die
1216 2296 1421 2326 inlucescente,
1458 2296 1583 2321 secunda
1617 2296 1688 2321 feria
1723 2295 1772 2325 (id

120 2353 158 2374 1¹ss
178 2350 237 2376 767
262 2349 361 2375 ›tteyim's
386 2349 461 2375 Ιιιηῐί
485 2349 528 2375 die
548 2350 626 2382 29),
659 2349 846 2375 subdiaconus
875 2353 961 2383 atquc
987 2350 1119 2375 diaconus
1144 2350 1178 2375 ab
1204 2350 1303 2375 eodem
1329 2349 1460 2383 episcopo
1485 2350 1511 2375 in
1536 2349 1655 2375 oratorio
1679 2349 1768 2374 saneti

120 2402 265 2429 Laurentii
298 2403 370 2429 intra
398 2403 519 2429 culidem
542 2403 740 2437 patriarchium
772 2406 869 2428 contra
899 2406 1056 2429 sanctorum
1082 2412 1218 2428 canonum
1242 2403 1373 2428 instituta
1396 2405 1578 2428 csnisecratns
1604 2406 1646 2428 est
1672 2403 1767 2435 sit-que

120 2456 279 2481 universum
310 2456 444 2490 populum
475 2456 526 2482 sibi
555 2460 759 2482 sacramentum
783 2456 922 2490 praebere
947 2456 1026 2482 fecit.
1075 2456 1111 2481 Et
1142 2456 1313 2482 adveniente
1339 2456 1475 2481 ‹rlsn'ninico
1508 2456 1553 2481 die
1579 2455 1627 2486 (id
1649 2459 1687 2481 es!
1710 2456 1769 2482 767

121 2508 220 2536 mensis
245 2508 310 2535 Iulii
333 2509 376 2535 die
399 2511 446 2545 5.)
478 2519 585 2535 rursum
616 2519 677 2535 cum
701 2510 881 2535 multitudine
914 2514 1081 2535 armatorum
1110 2510 1283 2535 exercituum
1308 2510 1335 2535 in
1360 2509 1475 2535 basilica
1499 2509 1576 2535 beati
1603 2509 1678 2534 Petri
1704 2518 1766 2542 pro-

120 2572 222 2596 perans
242 2562 370 2597 pontifex
387 2563 422 2589 ab
441 2564 540 2589 eodem
558 2562 680 2597 Georgio
700 2563 831 2597 episcopo
849 2563 987 2589 Penestrc
1006 2559 1057 2593 (de
1081 2562 1131 2589 hoc
1155 2572 1179 2589 v.
1197 2572 1286 2598 supra
1299 2572 1330 2598 μ
1350 2562 1387 2590 75
1412 2572 1480 2588 (tun.
1500 2563 1525 2593 I,
1544 2562 1583 2589 73
1600 2572 1667 2588 ann.
1687 2564 1720 2590 δ’)
1740 2566 1767 2587 Cf

120 2616 180 2642 aliis
206 2616 313 2642 duobus
340 2617 488 2651 episcopis,
514 2616 657 2642 Eustratio
675 2616 838 2643 Albanense
865 2621 892 2641 et
919 2616 1050 2641 Citonato
1076 2616 1244 2647 Portucnsc,
1272 2620 1452 2641 consecratus
1479 2620 1530 2641 est.
1569 2616 1603 2640 lit
1628 2625 1680 2649 per
1704 2615 1767 2639 anni

119 2669 200 2695 unius
225 2670 345 2704 spatium
370 2673 398 2695 ct
423 2679 547 2695 mensem
572 2679 656 2695 unum
680 2670 776 2695 sedem
801 2669 982 2704 apostolicam
1007 2670 1129 2695 invasam
1154 2669 1295 2695 detenuit.
1334 2669 1393 2694 Htw
1419 2678 1484 2694 vcro
1506 2678 1624 2694 cernens
1642 2668 1767 2693 Pluris-ts>-

119 2723 223 2756 phorus
247 2723 421 2757 primicerius
447 2728 475 2749 ct
500 2723 683 2754 consiliarius,
715 2722 775 2749 zelo
801 2722 878 2755 fidei,
907 2732 962 2749 una
985 2732 1047 2749 cnm
1071 2732 1119 2748 suo
1146 2722 1201 2748 tilio
1227 2722 1325 2754 Sci-«gio
1357 2725 1423 2747 tnnc
1449 2721 1593 2747 sacellario
1626 2721 1766 2747 existente

119 2775 277 2801 maluerunt
301 2777 387 2811 magis
412 2777 478 2802 mori
504 2786 587 2810 quam
611 2776 696 2802 talem
721 2776 833 2810 impiam
856 2776 1009 2801 novitatem
1036 2779 1064 2802 ct
1081 2776 1203 2809 iniquam
1220 2775 1477 2809 pra<sumptionem
1495 2775 1521 2800 in
1540 2775 1634 2799 sedem
1653 2779 1765 2807 apasto—

120 2828 200 2854 lieam
236 2834 428 2863 perpetratam
465 2830 641 2863 conspicere.
698 2829 735 2855 Et
771 2830 874 2855 cotidiu¹
908 2829 933 2854 in
966 2829 1034 2854 flvtu
1067 2834 1094 2854 ‹·t
1126 2829 1244 2854 lacrimis
1279 2829 1464 2862 pia-durantes
1500 2828 1698 2853 simulaverunt
1737 2836 1766 2851 se

1507 2884 1552 2911 ιι*>
