2242 3085
97 730 124 749 10

96 996 122 1016 15

95 1263 122 1282 20

94 1529 120 1549 25

93 2063 119 2082 ³5

92 2643 119 2662 4⁵

542 125 590 151 19.
628 124 844 152 CONCILIUM
870 124 1235 152 FRANCOFURTENSE
1261 126 1295 152 A.
1319 126 1390 153 794.
1732 124 1791 154 143

251 223 381 269 Sancta
405 235 548 278 synodus
581 241 611 267 et
641 235 845 267 venerabiles
876 235 909 265 in
939 234 1067 266 Christo
1099 241 1206 277 patres
1239 247 1312 266 cum
1345 237 1492 268 omnibus
1525 238 1686 280 episcopis
1712 240 1792 270 (Jer-

141 291 280 324 maniae,
307 289 433 321 Galliae
459 295 491 320 et
512 288 728 331 Aequitaniae
754 294 785 320 et
809 294 875 319 toto
901 288 1078 319 catholicae
1104 289 1194 330 pacis
1219 288 1305 319 clcro
1330 290 1533 331 praesulibus
1558 291 1736 333 Hispaniae
1762 298 1793 323 et

143 344 258 375 ceteris
290 342 412 373 ibidem
442 342 683 373 christianitatis
708 353 825 373 nomen
850 341 1044 372 habentibus
1070 342 1102 372 in
1128 341 1257 372 domino
1277 342 1358 378 Deo,
1384 343 1448 373 Dei
1473 344 1537 374 filio
1563 356 1639 375 vero
1666 351 1696 376 et
1721 356 1791 387 pro-

142 398 223 439 prio,
248 396 323 427 Iesu
347 395 486 435 Clu-isto,
512 401 664 427 aeternae
688 395 897 426 beatitudinis
923 394 1068 425 salutem.

248 450 287 480 In
310 450 440 480 nomine
463 449 584 480 domini
608 449 709 480 nostri
729 448 804 479 Iesu
826 447 955 486 Christi,
981 448 1035 489 qui
1061 447 1158 478 dixit:
1198 448 1261 479 Ubi
1281 456 1352 479 sun!
1376 449 1436 479 dun
1464 452 1510 481 rel
1533 459 1592 482 tres
1617 455 1796 494 consp-fyad
1813 465 1969 489 Mammam

142 505 176 535 in
200 505 323 535 nomine
348 516 423 541 meo>
450 504 497 534 ι’]ιί
518 516 584 534 snm
609 504 641 533 in
667 502 770 533 medio
787 514 902 540 eornm,
928 502 1132 542 congregatis
1150 500 1243 531 nobis
1260 502 1292 531 in
1310 513 1408 532 unum
1427 504 1569 534 caritatis
1588 511 1792 543 conventum,

141 557 363 599 praecipiente
394 561 425 587 et
455 555 662 598 praesidente
685 555 837 597 'piissimo
870 560 901 585 et
932 554 1164 596 gloriosissimo
1197 554 1313 585 domno
1346 560 1454 586 nostro
1480 555 1596 587 Oai-010
1628 569 1715 596 rege,
1752 559 1792 589 ad

142 609 366 641 renovandum
398 620 470 640 cum
502 608 636 640 consilio
666 608 824 650 pacificae
855 608 1077 639 unanimitatis
1110 613 1241 638 sanctae
1267 608 1331 638 Dei
1364 608 1521 640 ecclesiae
1554 616 1670 641 statum
1697 618 1727 642 ct
1752 612 1792 642 ad

140 662 395 705 praedicandam
413 662 613 693 orthodoxae
629 662 725 692 fidaei
744 662 923 700 veritatemy
948 661 982 691 in
999 672 1063 703 qua
1083 661 1193 691 divina
1218 667 1373 703 operante
1398 663 1503 703 gratia
1528 663 1638 694 salutis
1663 671 1792 695 nostrae

142 717 267 747 initium
293 721 382 747 extat
406 721 437 746 et
461 715 543 753 finis,
580 716 633 746 cui
668 715 747 746 nihil
782 715 894 756 augeri
928 719 1033 756 potest
1063 714 1116 745 vel
1147 715 1257 753 minui,
1291 726 1373 756 quac
1406 727 1467 746 una
1501 716 1594 747 decet
1626 728 1696 748 esse
1728 730 1791 748 om-

142 770 231 800 nium
257 768 524 805 Christianorum,
550 768 679 799 dicente
704 768 799 799 beato
825 768 985 810 apostolo:
1018 768 1103 799 Unus
1128 769 1282 807 dominus,
1308 782 1370 799 1111oe
1387 770 1482 811 fides.
1507 783 1600 801 mium
1627 772 1792 813 baptisma,
1813 785 1954 808 Epitafiss.

142 836 221 854 unns
245 823 331 853 Dens
355 830 383 854 et
399 830 493 864 pater
517 823 665 861 onmium,
690 824 749 863 qui
768 834 863 864 super
886 823 990 853 omnia
1017 829 1044 853 et
1069 823 1101 853 e'n
1125 823 1267 853 onzm'lms
1292 824 1388 853 uoltis.
1426 822 1462 853 In
1488 823 1548 854 hac
1574 825 1676 854 omnis
1701 836 1791 855 sanc-

140 877 214 907 titas
245 877 349 915 vitae,
382 876 485 906 omnis
517 886 590 917 spes
621 875 890 906 remunerationis
922 880 1071 911 eternae,
1111 875 1180 906 sine
1213 887 1277 917 qua
1308 875 1386 906 nihil
1418 882 1576 913 sanctuni,
1608 877 1687 908 nihil
1720 878 1792 909 Deo

141 928 355 971 acceptabile,
380 928 459 959 nihil
483 929 604 959 vivum.
645 929 750 960 Iustus
774 930 853 960 enim
880 941 918 960 ea·
933 929 1002 971 fide
1027 930 1113 960 viz-it.
1155 928 1260 967 Quam
1286 929 1340 970 qui
1366 929 1494 960 diabolo
1515 929 1697 972 decipiente
1722 942 1791 973 per·
1813 944 1866 962 Rom
1886 945 1946 968 1‚1:.

142 982 260 1014 diderit
284 983 397 1013 vivens
422 987 565 1013 mortuus
590 987 648 1021 est,
681 982 758 1024 quia
789 982 871 1013 sicut
902 993 961 1024 per
985 982 1081 1012 fidem
1106 982 1237 1021 iustitia,
1269 983 1314 1013 ita
1345 983 1441 1013 etiam
1473 994 1532 1024 per
1560 983 1655 1014 fidem
1682 996 1792 1015 veram

140 1036 209 1067 vita
239 1035 402 1067 obtinetur
432 1040 574 1075 aeterna,
607 1035 736 1066 dicente
767 1036 908 1067 Domino
941 1035 1118 1066 salvatore:
1154 1036 1243 1067 Hem
1279 1044 1322 1067 est
1353 1044 1451 1067 autem
1493 1038 1554 1068 rita
1590 1045 1725 1076 aeterna,
1764 1046 1927 1076 eat1011.1:,3.

140 1097 324 1132 6097108(ἀηί
347 1096 372 1120 tc
395 1089 495 1119 solum
520 1102 625 1120 verum
650 1089 751 1120 Deum
776 1097 803 1120 et
826 1102 913 1131 quem
941 1091 1058 1120 misisti
1078 1089 1180 1120 Iesum
1211 1089 1379 1120 Chi-[stum.

247 1143 336 1173 Inter
360 1147 468 1173 cetera
491 1142 611 1184 itaque,
637 1153 720 1184 quae
744 1153 803 1184 pro
827 1142 921 1173 huius
942 1142 1039 1173 fidaei
1055 1142 1205 1173 firmitate
1223 1144 1444 1176 tractavimus
1463 1143 1572 1174 domni
1589 1145 1674 1185 regis
1692 1146 1792 1176 nostri

141 1197 319 1238 praecipua
343 1196 463 1238 pietate
489 1201 520 1226 et
544 1195 700 1226 laudabili
725 1196 885 1237 sapientia
910 1195 1086 1226 adsedente
1113 1201 1144 1226 et
1168 1196 1346 1227 auxiliante
1371 1196 1474 1236 nobis,
1500 1199 1668 1239 praecepit
1685 1198 1790 1229 subito

141 1249 282 1290 gloriosa
317 1248 401 1280 illius
438 1248 632 1280 excellentia
666 1249 765 1280 fidaei
796 1254 923 1279 vestrae
959 1248 1125 1280 libelluml
1156 1249 1276 1280 adferri
1307 1250 1339 1280 in
1370 1250 1522 1281 medium.
1573 1250 1637 1290 Qui
1669 1263 1741 1282 cum
1773 1264 1791 1282 a

140 1303 264 1333 notario
296 1302 390 1334 nobis
422 1302 607 1343 diligentius
640 1302 891 1333 adtendentibus
924 1302 982 1333 sub
1015 1302 1220 1333 distinctione
1257 1304 1489 1334 sententiarum
1526 1309 1557 1334 et
1592 1305 1790 1346 proprietate

141 1367 292 1387 sensuum
317 1355 540 1398 perlegeretur
564 1355 605 1386 ad
629 1356 737 1395 finem,
770 1356 952 1387 audivimus
981 1356 1018 1386 in>
1039 1367 1075 1386 eo
1100 1367 1201 1386 novas
1227 1356 1383 1398 quasdam
1408 1358 1602 1388 assertiones
1628 1364 1789 1398 exaratas,

139 1420 203 1440 non
227 1415 293 1440 tam
317 1410 457 1451 antiquis
483 1415 667 1440 sanctorum
692 1409 859 1440 doctorum
890 1409 1118 1440 traditionibus
1150 1411 1381 1440 convenientes
1413 1422 1510 1452 quam
1541 1411 1657 1441 vestris
1688 1423 1792 1454 nuper

139 1462 380 1493 inventionibus
404 1468 578 1504 utcumque
604 1462 820 1493 confirmatas.
857 1462 924 1493 Sed
941 1462 1024 1493 duae
1042 1462 1191 1494 difficiles
1212 1474 1263 1493 res
1288 1463 1406 1494 nostris
1430 1464 1463 1494 in
1488 1475 1525 1495 eo
1550 1463 1669 1500 libello,
1695 1477 1790 1507 quein

140 1515 315 1549 direxistis,
352 1515 500 1546 sensibus
532 1521 751 1548 occurrerunt.
805 1516 890 1553 Una,
922 1527 980 1547 cur
1010 1515 1104 1547 vobis
1134 1528 1199 1547 non
1231 1516 1394 1547 sufficiant
1425 1528 1508 1559 quae
1544 1518 1576 1548 in
1607 1525 1811 1549 sanctoruni*

138 1574 267 1611 patruni
292 1568 386 1600 dictis
411 1569 619 1600 inveniuntur
644 1574 674 1600 et
698 1569 874 1600 universali
900 1569 1078 1600 catholicae
1104 1570 1280 1601 sanctionis
1298 1570 1531 1601 consuetudine
1549 1571 1790 1612 confirmantur⁷
1810 1582 1813 1583 ⁷

139 1622 268 1653 dicente
301 1621 477 1653 scribtura:
515 1623 678 1654 Tei-minos
701 1630 833 1665 patrum
865 1630 985 1654 tuorum.
1019 1636 1054 1653 ne
1085 1624 1358 1665 transgyretli'arz's?
1414 1624 1581 1666 Numquid
1613 1626 1790 1666 sagatiorcs
1811 1638 1962 1662 Pron-222⁸.

139 1687 248 1706 sumus
280 1675 322 1706 ad
352 1675 581 1707 inveniendam
612 1676 699 1706 viam
729 1676 876 1707 veritatis
908 1687 1006 1718 quam
1037 1676 1205 1718 apostolici
1237 1676 1413 1707 doctores?
1461 1677 1503 1708 Et
1535 1689 1635 1719 quare
1668 1678 1790 1720 aliquid

139 1729 328 1760 confirmare
354 1729 520 1769 audemus7
546 1729 633 1771 quod
657 1730 689 1760 in
713 1729 840 1760 illorum
866 1741 930 1760 non
961 1729 1146 1760 inveniatur
1177 1729 1331 1760 scribtis?
1378 1730 1491 1761 Altera
1515 1742 1565 1762 res
1599 1737 1656 1771 est,
1690 1743 1789 1773 quare

137 1783 381 1824 generationem
411 1782 468 1813 filii
496 1782 571 1821 Dei,
603 1782 655 1813 vel
686 1788 853 1813 aeternam
884 1782 924 1813 de
955 1788 1046 1824 patre
1078 1782 1131 1813 vel
1161 1783 1372 1825 temporalem
1404 1784 1443 1814 de
1475 1790 1587 1823 matre,
1620 1786 1790 1827 quisquam

138 1835 305 1866 hominum
340 1835 459 1867 audeat
494 1836 702 1878 investigare,
740 1836 867 1867 dicente
905 1835 1081 1867 scribtura:
1117 1837 1244 1868 Altt'ora
1277 1845 1302 1868 te
1339 1850 1375 1868 ne
1410 1839 1572 1879 quesieris.
1628 1838 1723 1869 Unde
1760 1844 1791 1869 et
1810 1848 1948 1872 Eccli.3‚·22.

139 1894 268 1920 sanctus
292 1888 493 1930 Augustinus
518 1889 597 1920 dicit
620 1889 653 1919 in
679 1900 825 1920 sermone
851 1889 890 1920 de
918 1890 1088 1920 nativitate
1113 1888 1247 1920 Christi:
1281 1895 1384 1921 Merito
1395 1893 1415 1928 2,
1449 1896 1634 1927 dilectissimi,
1666 1897 1791 1923 miranda

139 1950 183 1973 est
215 1947 360 1973 salvatoris
392 1947 477 1973 nostri
508 1948 652 1976 nativitas.
684 1956 738 1973 non
769 1947 857 1973 solum
889 1947 937 1973 illa
967 1948 1071 1980 divina,
1109 1949 1143 1974 de
1176 1957 1231 1982 qua
1262 1949 1367 1974 dictum
1400 1953 1459 1975 cst:
1493 1949 1526 1976 Ιη
1555 1949 1699 1986 principio
1730 1954 1847 1977 oration
1867 1959 1913 1982 1‚L

138 1999 259 2033 verbum,
285 2000 335 2026 scd
361 2001 443 2026 ctiam
469 2000 516 2027 illa
539 2001 669 2033 humana,
694 2001 729 2027 de
755 2010 810 2035 qua
834 2001 901 2027 dicit
926 2001 1000 2027 idom
1032 2001 1223 2036 evangelista:
1258 2002 1373 2028 Vrrbzmt
1406 2012 1474 2030 caro
1498 2003 1611 2037 fartum
1638 2008 1684 2036 est,
1713 2004 1789 2030 unde
1809 2012 1910 2035 ib.1,14.

139 2056 168 2079 et
191 2053 346 2088 propheta:
375 2053 591 2080 (lenm-ationem
617 2053 674 2081 vius
697 2053 758 2090 quis
782 2054 951 2081 enarravit?
996 2055 1097 2081 Divina
1123 2056 1194 2081 enim
1220 2056 1307 2088 magis
1336 2055 1391 2081 fido
1416 2057 1579 2083 veneranda
1610 2061 1673 2082 sunt
1707 2066 1789 2091 quam
1809 2065 1903 2088 Is,53‚8

136 2107 245 2133 ratione
270 2107 476 2142 investiganda.

245 2155 311 2187 Sed
334 2162 461 2198 tempus
487 2161 544 2195 est,
576 2161 610 2187 ut
641 2156 682 2187 ad
708 2156 928 2187 discutiendos
954 2168 1066 2187 sensus
1091 2156 1191 2188 libelli
1216 2159 1316 2188 vestri
1341 2159 1520 2193 veniamus,
1546 2159 1579 2189 in
1605 2171 1667 2201 quo
1694 2171 1784 2190 sanc-

135 2213 242 2240 torum
266 2214 393 2251 patrum
418 2220 476 2251 per
503 2209 573 2240 loca
604 2210 788 2240 testimonia
811 2210 994 2241 invenimus
1022 2210 1137 2252 posita,
1170 2210 1227 2241 sed
1258 2211 1342 2242 male
1372 2212 1529 2254 perfidiae
1561 2224 1687 2244 veneno
1719 2225 1787 2244 cor—

136 2266 232 2304 rupta
256 2267 288 2293 et
310 2263 394 2293 inter
417 2262 512 2294 flores
543 2262 777 2305 pulcherrimos
808 2262 905 2294 fidaei
936 2263 1114 2294 catholicae
1146 2264 1305 2305 anguinos
1337 2266 1454 2296 erroris
1478 2267 1577 2297 vestri
1603 2266 1716 2298 dentes
1741 2268 1786 2297 in-

137 2320 249 2348 senos.
297 2315 459 2347 Taeuistis
482 2316 614 2347 nomina
637 2315 792 2347 librorum
816 2322 847 2347 et
871 2328 1039 2347 numerum
1065 2317 1289 2358 capitulorumy
1318 2323 1354 2349 ut
1378 2318 1542 2350 difficilius
1567 2330 1656 2350 error
1679 2327 1788 2351 vester

136 2369 398 2410 investigaretur.
434 2369 477 2400 Et
501 2381 542 2400 ex
566 2369 627 2400 hoc
652 2369 719 2400 solo
744 2369 951 2411 perspicuum
978 2375 1025 2400 est
1050 2381 1175 2401 errasse
1200 2382 1258 2400 vos
1283 2371 1474 2410 voluntarie,
1501 2372 1574 2404 duni
1601 2379 1785 2404 sanctorum

245 2505 259 2528 6
279 2502 346 2536 sum]
368 2513 418 2536 ego
437 2505 497 2529 add.
518 2505 549 2529 lt.
613 2509 748 2529 conventu
769 2507 804 2530 M.
868 2507 881 2530 Ἰ
903 2504 1112 2537 gloriosissimo]
1133 2506 1254 2538 glorioso
1278 2508 1306 2532 Ι.’.
1367 2510 1423 2540 regi
1444 2508 1480 2532 JI.
1544 2511 1574 2533 10
1595 2507 1647 2540 eui]
1669 2518 1727 2533 cum
1752 2508 1784 2533 ΑῙΙ.

136 2546 199 2580 una]
225 2552 274 2573 unt
303 2549 331 2573 R.
425 2551 454 2573 11
484 2547 708 2580 Christianorum]
737 2550 835 2574 Christi
863 2550 893 2574 H.
990 2551 1021 2574 17
1050 2559 1143 2575 verum
1171 2550 1267 2583 Deum]
1293 2553 1329 2577 ita
1356 2552 1391 2577 Μ.
1426 2554 1513 2577 Deum
1542 2562 1635 2578 verum
1660 2554 1690 2578 lt.
1716 2554 1785 2585 Γαίῃ,

137 2594 169 2617 27
190 2594 397 2625 transgredieris
417 2592 454 2616 Μ.
476 2594 506 2618 R.
585 2595 618 2618 32
638 2591 819 2625 Augustinus]
839 2595 990 2625 Agustinus
1012 2595 1042 2618 11¹.
1126 2597 1156 2619 34
1179 2597 1245 2620 dicit
1266 2595 1346 2628 idem]
1367 2598 1437 2622 idem
1458 2599 1524 2622 dicit
1548 2598 1575 2622 [ι’.
1659 2600 1691 2623 35
1712 2607 1785 2622 enar-

138 2634 219 2669 ravit]
237 2638 274 2662 ita
294 2637 330 2667 Jl,
352 2639 487 2663 enarrabit
511 2639 538 2662 le.
556 2639 626 2670 my.
701 2640 733 2662 39
754 2639 832 2662 flores
851 2639 917 2663 deent
938 2638 973 2662 M.

247 2754 275 2787 1)
301 2755 398 2791 Supra
417 2765 450 2791 p.
468 2756 503 2783 ll
508 2757 586 2784 1-—1
591 2757 635 2784 19.
741 2756 770 2787 2)
796 2755 859 2783 Non
886 2756 994 2789 iuveni;
1019 2757 1069 2784 sed
1091 2757 1130 2792 cf.
1150 2758 1298 2794 Anyzcstini
1315 2768 1405 2785 sermo
1422 2760 1486 2787 196.
1513 2760 1539 2786 [η
1566 2759 1658 2787 natali
1673 2759 1788 2786 Dmm'ui

136 2803 160 2844 ἕ
180 2809 214 2840 1,·
240 2806 313 2843 Opq).
338 2808 368 2840 V,
393 2809 461 2836 902.
