2242 3085
282 607 310 628 ef.
318 608 337 627 2.
346 608 400 631 Reg.

287 635 319 657 13,
328 636 336 652 1
345 640 392 657 sqq,

241 823 268 843 ct.
279 823 328 844 Aet.
339 824 397 846 1,11,

277 1358 304 1376 cs.
315 1358 333 1377 1,
343 1357 398 1377 Tim.

291 1384 384 1407 3,85qq.

289 1412 315 1429 cf,
326 1411 370 1430 Tit.
378 1411 397 1433 1,

311 1438 370 1461 quq

241 1464 399 1487 cr.Lev.21,13.

292 1669 319 1688 cf.
328 1668 354 1687 ib,
365 1668 397 1690 21,

314 1696 378 1718 lqu.

288 1776 315 1793 et.
325 1775 369 1794 Τῑι.
379 1775 398 1798 1,

310 1802 322 1819 6
331 1807 378 1824 sqq.

425 132 487 162 376
841 134 891 160 39.
929 133 1147 161 CONCILIUM
1171 132 1498 164 AQUISGRANENSE
1522 133 1558 160 A.
1580 133 1652 160 816.

422 237 487 259 sunt
518 232 567 259 filii
599 232 779 259 tenebrarum
810 240 895 266 super
924 231 995 257 filios
1026 231 1106 258 lucis.
1154 231 1223 258 Cum
1248 241 1264 257 a
1287 235 1316 257 te
1348 231 1399 257 hoc
1430 240 1520 265 genus
1544 239 1598 257 non
1628 234 1798 265 amputatur,
1820 232 1880 257 das
1910 231 2065 266 reprehen-

422 286 553 312 dentibus
584 290 613 311 te
645 285 745 311 locum.
794 285 857 319 Ipse
890 289 918 311 te
954 284 1162 311 detrahentium
1194 285 1330 311 morsibus
1361 284 1512 316 tradidisti,
1546 284 1569 310 si
1599 287 1782 319 agapetarum
1813 284 1980 311 consortium
2011 293 2065 310 non

421 339 567 365 dimiseris.
617 338 762 372 Benignus
787 338 839 364 es?
857 352 898 355 —
915 338 1036 371 gaudeo.
1084 337 1228 364 Pudicus?
1251 353 1286 355 —
1305 337 1405 363 falsum
1431 341 1484 363 est.
1532 336 1560 363 Si
1584 337 1747 371 pudicitiam
1771 337 1893 371 quaeris,
1923 337 2063 370 feminam,

421 401 502 426 quam
527 391 631 417 videris
664 394 885 419 conversantem.
918 394 1013 417 mente
1039 391 1134 425 dilige,
1166 400 1220 417 non
1253 390 1388 424 corporali
1420 390 1587 424 frequenter
1613 393 1722 416 ornatu.
1770 390 1832 416 Non
1855 390 1942 417 vestis
1965 394 2064 417 tenera

421 444 551 471 clericum
576 444 647 470 facit
672 447 720 470 aut
744 444 929 475 sacerdotem,
961 445 1011 470 sed
1044 448 1121 470 casta
1145 444 1247 470 mentis
1271 444 1400 470 intentio.
1448 443 1528 469 Haec
1553 443 1624 469 enim
1649 443 1827 470 devotionem
1849 443 1959 470 honoris
1983 444 2010 469 in
2034 447 2063 470 te
2082 452 2094 470 5

420 498 558 529 custodit3
594 497 698 524 honore
730 497 843 531 quidem
873 497 1017 531 gloriosius
1048 497 1113 524 boni
1144 497 1236 531 operis
1266 497 1340 523 fama
1370 499 1527 522 conservat.
1575 496 1743 523 Sacerdotes
1774 497 1878 531 quippe
1910 497 1995 523 decet
2018 499 2062 523 vel

419 551 522 585 gradus
558 554 669 577 ceteros
701 550 862 576 clericorum
893 550 978 582 idem,
1008 554 1039 576 ut
1071 550 1283 584 supradictum
1316 553 1369 582 est,
1402 558 1419 575 a
1449 549 1559 575 feminis
1590 549 1742 584 segregari.
1791 548 1819 575 Si
1843 549 1928 584 igitur
1951 550 2063 584 generis

421 604 512 638 gratia
539 604 644 629 iudicas
669 604 783 629 easdem
807 603 883 629 nullo
907 607 990 637 pacto
1015 604 1167 635 dimittere,
1199 607 1340 629 memento
1364 602 1493 630 Thamar.
1527 603 1601 636 quod
1625 602 1660 628 ab
1684 602 1793 628 Amnon
1817 602 1903 629 fratre
1929 611 1977 628 suo
2001 611 2061 629 cor—

421 661 504 690 rupta
528 657 572 682 sit.
620 657 652 682 Id
684 657 773 691 ipsum
804 665 968 691 persequor,
1001 657 1197 683 dilectissime:
1231 657 1281 682 tibi
1305 656 1387 682 unius
1412 659 1455 682 est
1479 655 1654 681 tabernaculi
1679 656 1862 688 conversatio,
1894 656 1983 682 carnis
2007 665 2062 682 non

420 710 501 735 facile
529 709 638 735 tollitur
662 710 826 736 delectatio.
862 710 906 735 De
932 710 1039 736 duobus
1065 710 1147 742 enim,
1173 710 1247 744 quod
1271 719 1341 735 unus
1366 709 1520 741 desiderat,
1545 709 1566 734 si
1591 709 1666 742 loqui
1690 717 1744 734 non
1768 712 1875 743 potest,
1900 709 1946 735 vel
1969 712 2060 743 tcmp-
2081 717 2105 735 ιο

420 767 504 789 tatur.
543 763 672 789 Remotio
696 763 782 797 igitur
804 763 855 789 viri
880 763 1017 789 castitatis
1042 763 1168 789 conlocat
1190 772 1274 795 arma,
1301 763 1437 788 construit
1454 762 1480 788 in
1497 762 1656 788 melioribus
1674 765 1774 794 castra,
1799 762 1912 796 pudoris
1929 762 2060 788 honorem

421 816 590 842 consolatur.
630 816 727 843 Potuit
752 817 825 843 enim
850 820 879 843 et
904 817 992 842 Maria
1015 820 1105 842 mater
1128 816 1239 841 Domini
1264 816 1299 842 de
1324 815 1406 841 choro
1431 815 1619 850 apostolorum
1643 824 1697 841 non
1723 815 1880 847 discedere,
1905 815 1927 841 si
1950 815 2058 841 liceret.

417 870 504 896 Tecla
518 867 527 885 ¹
554 873 617 904 post
641 870 855 904 temptationem
880 870 1015 903 passionis
1039 869 1206 895 Antiochiae
1231 878 1247 895 a
1270 869 1357 895 Paulo
1382 869 1546 903 prohibetur
1568 869 1675 903 pariter
1698 877 1828 903 pergere.
1870 868 1957 895 Nemo
1980 868 2060 895 miles

418 932 478 949 cum
506 932 591 949 uxore
615 923 709 957 pergit
733 923 768 948 ad
793 923 906 949 bellum.
943 923 1006 948 Non
1030 923 1141 948 invideo
1166 922 1291 952 caritati;
1318 922 1353 947 sit
1377 922 1429 948 tibi
1445 931 1507 947 cum
1524 922 1606 948 castis
1623 922 1775 956 virginibus
1790 922 1911 956 longeva
1927 921 2058 948 dilectio:

421 980 487 1001 tunc
518 977 545 1002 in
576 976 647 1002 bono
679 976 807 1002 meritum
839 975 987 1001 collocabis
1020 979 1048 1001 ct
1079 975 1180 1001 famam
1204 975 1373 1006 meliorabis,
1404 975 1426 1000 si
1451 976 1683 1009 congregationes
1707 975 1852 1001 constituis
1883 975 2057 1009 puellarum,
2081 981 2103 1000 15

418 1029 534 1063 pulchre
553 1038 664 1061 censeo,
690 1029 718 1054 in
743 1029 900 1055 ebdomada
923 1029 1048 1054 secunda
1067 1028 1227 1055 visitatione
1252 1029 1288 1054 ad
1311 1028 1535 1054 benedicendam
1559 1029 1806 1062 congregationem
1823 1029 1982 1059 convenies,
2008 1028 2058 1054 sed

418 1092 473 1108 non
497 1082 581 1114 solus,
606 1091 641 1108 ne
666 1082 827 1116 rumigeruli
852 1082 953 1115 linguis
977 1085 1006 1107 te
1030 1081 1221 1107 lacerantibus
1245 1084 1399 1107 macerent.
1435 1081 1564 1107 Alienam
1589 1081 1660 1108 enim
1678 1082 1794 1115 cupiunt
1810 1082 1890 1107 vicini
1917 1082 2057 1107 discutere

419 1136 514 1166 vitam,
538 1145 593 1160 non
617 1144 704 1161 suam.
752 1135 908 1168 Propterea
931 1135 1015 1169 digne
1040 1135 1136 1168 accipe
1161 1138 1316 1160 nostrorum
1340 1138 1495 1168 praccepta
1519 1134 1665 1160 verborum
1690 1138 1719 1160 et
1743 1135 1846 1160 monita
1876 1134 2057 1166 luuuilitatis3

421 1198 492 1222 quae
517 1188 641 1214 fraterno
666 1188 770 1214 affectu
795 1190 900 1214 calamo
924 1188 1080 1222 imperante
1105 1188 1291 1221 expressimus
1316 1187 1436 1214 dulciter
1458 1187 1534 1222 lege.
1581 1187 1639 1213 Iam
1663 1196 1740 1219 vero,
1772 1191 1803 1213 ut
1830 1187 2059 1222 reprehensibilis

420 1242 505 1267 divini
529 1242 627 1267 altaris
652 1250 705 1267 non
730 1241 766 1266 sit
790 1242 931 1273 saeerdOS,
962 1250 1052 1275 pauca
1082 1241 1116 1267 de
1148 1241 1264 1275 reliquis
1295 1240 1412 1274 apostoli
1438 1241 1613 1271 testimoniis,
1646 1244 1780 1275 quantum
1804 1241 1939 1267 Dominus
1963 1241 2058 1272 donat,
2080 1249 2105 1267 20

420 1304 567 1329 exponam.
615 1294 763 1320 Sufficiant
787 1295 946 1328 superiores
970 1303 1081 1326 causae,
1108 1303 1179 1328 quae
1205 1294 1296 1320 dictae
1322 1298 1396 1319 sunt.
1436 1294 1551 1326 Verum,
1583 1303 1618 1320 ne
1649 1294 1750 1328 aliquis
1776 1295 1866 1320 minus
1890 1294 2060 1328 intellegens

418 1349 453 1374 ad
481 1349 628 1382 episcopos
659 1348 763 1373 sentiat
794 1348 950 1382 apostolum
981 1348 1067 1373 fuisse
1099 1348 1232 1380 locutum,
1265 1347 1331 1381 quid
1363 1347 1397 1373 de
1430 1347 1592 1373 diaconibus
1616 1347 1651 1373 ad
1675 1347 1853 1373 Timotheum
1877 1350 2060 1381 praeceptum

419 1405 472 1434 est,
498 1402 565 1435 quid
582 1402 617 1427 de
635 1401 817 1435 praesl‘iinffris
834 1402 869 1427 ad
893 1401 998 1433 Titum,
1023 1409 1237 1427 commemorare
1256 1401 1392 1427 delectet.
1429 1400 1485 1426 Sed
1502 1401 1740 1434 praetereundum
1756 1409 1811 1426 non
1829 1404 1872 1426 est
1889 1401 2060 1434 superiorem

421 1455 570 1489 explanare
608 1455 787 1481 sententiam.
840 1454 929 1481 Unius
964 1455 1055 1480 uxoris
1090 1454 1178 1480 virum
1210 1457 1238 1480 et
1270 1462 1341 1479 nova
1373 1457 1401 1480 et
1433 1457 1514 1480 vetus
1545 1454 1708 1487 praeceptio
1744 1454 1920 1479 sacerdotem
1951 1454 2060 1479 censuit

421 1508 590 1541 eligendum.
640 1507 713 1538 Quia
737 1508 860 1542 digamos
885 1508 920 1533 ad
944 1508 1125 1533 ministerium
1150 1507 1278 1541 plerique
1304 1507 1428 1541 episcopi
1451 1507 1659 1541 adplicuerunt,
1685 1507 1723 1532 sic
1747 1507 1947 1533 adseruerunt:
1975 1506 2059 1532 ‘Con-
2080 1514 2105 1532 25

422 1561 523 1587 cubina
547 1561 601 1586 fuit
628 1561 683 1590 illa.
709 1561 778 1587 llaec
803 1560 891 1591 uxor',
924 1561 1001 1594 quasi
1025 1570 1080 1586 non
1104 1561 1173 1586 haec
1198 1561 1253 1586 sint
1277 1560 1442 1586 commercia
1465 1560 1592 1586 feditatis
1616 1560 1643 1585 in
1666 1560 1724 1591 illa,
1755 1569 1827 1594 quae
1852 1560 1879 1585 in
1903 1560 1955 1586 hac
1979 1569 2059 1586 exer·

418 1617 529 1647 centur,
555 1623 627 1648 quae
653 1623 722 1640 uxor
746 1614 902 1646 adseritur3
928 1623 962 1640 an
988 1614 1053 1648 quia
1077 1614 1196 1648 coniugii
1221 1613 1331 1639 tabulas
1355 1622 1409 1640 non
1434 1613 1512 1645 fecit,
1537 1613 1764 1647 concupiscentia
1787 1613 1840 1639 alia
1864 1613 1938 1639 fuit‘?
1977 1613 2060 1639 Nullo

417 1671 503 1701 pacto
529 1668 655 1701 digamos
680 1668 724 1693 vel
749 1668 963 1693 concubinarum
989 1667 1096 1693 catenis
1120 1668 1239 1693 insertos
1264 1667 1348 1693 decet
1373 1667 1466 1693 subire
1491 1667 1684 1692 ministerium.
1720 1666 1752 1692 In
1775 1667 1903 1693 Levitico
1927 1666 2060 1700 scriptum

419 1724 463 1747 est
487 1730 520 1747 ac
545 1720 736 1755 praefinitum,
761 1721 857 1754 quales
883 1721 948 1755 eligi
973 1721 1096 1747 debeant
1122 1721 1294 1746 sacerdotes.
1332 1718 1383 1745 Si?
1407 1728 1473 1754 ergo
1498 1720 1615 1745 clericus
1639 1729 1816 1754 monogamus
1841 1720 1925 1746 fuerit
1948 1724 1976 1745 et
1993 1728 2061 1745 uxor

420 1774 479 1800 cius
504 1774 625 1808 digama,
656 1774 711 1800 noli
737 1783 799 1799 eum
824 1775 859 1800 ad
883 1774 1066 1799 ministerium
1091 1773 1243 1807 adplicare.
1290 1773 1369 1799 Haec.
1394 1773 1459 1799 'rito
1483 1776 1638 1807 praecepta
1661 1773 1734 1799 idem
1758 1773 1901 1807 apostolus
1926 1773 1961 1799 de
1985 1773 2058 1798 ordi·
2079 1779 2104 1797 30

420 1828 518 1853 nandis
543 1827 652 1853 clericis
676 1828 765 1853 dedit.
814 1827 849 1852 Et
875 1827 940 1861 quia
963 1827 1035 1853 liber
1058 1826 1142 1854 finem
1167 1830 1316 1861 expectat:
1346 1836 1410 1857 nee,
1435 1826 1456 1851 si
1481 1827 1553 1852 duae
1579 1830 1627 1852 aut
1651 1830 1709 1853 tres
1733 1826 1838 1860 pariter
1862 1826 1917 1852 Dei
1941 1825 2058 1857 ancillae

419 1884 571 1912 morentur,
607 1881 694 1906 solum
725 1881 760 1906 ad
793 1890 839 1906 eas
871 1881 955 1906 (lecet
986 1880 1096 1914 ingredi
1124 1880 1308 1906 sacerdotem.
1357 1880 1384 1905 Si
1417 1880 1478 1913 quis
1508 1879 1577 1905 haec
1602 1883 1757 1913 praccepta
1779 1888 1834 1905 non
1857 1879 2058 1909 observaverit,

420 1934 506 1959 bostis
533 1937 575 1959 est
601 1934 708 1959 animae
734 1943 811 1959 suae.
862 1934 967 1963 Quodsi
992 1937 1057 1967 post
1080 1937 1176 1958 nostra
1200 1933 1304 1959 monita
1328 1933 1427 1966 aliquis
1452 1932 1569 1958 clericus
1599 1936 1734 1966 agapetas
1766 1932 1882 1966 amplius
1907 1932 2058 1966 quaesierit

420 1996 511 2013 amare
540 1996 621 2021 (luam
645 1986 795 2015 Christum.
822 1987 974 2013 secundum
999 1986 1160 2020 synodalem
1184 1986 1310 2020 regulam
1335 1986 1517 2012 conveniatur
1542 1989 1571 2011 et
1595 1989 1749 2020 praccepta
1772 1989 1881 2019 patrum
1906 1985 1933 2011 in
1950 1982 2059 2011 Nicea³

421 2040 542 2066 diffinita
568 2041 592 2066 ci
617 2040 757 2074 legantur.
804 2040 861 2065 Iam
892 2049 968 2072 vero,
1001 2040 1022 2064 si
1055 2043 1209 2065 conventus
1239 2039 1386 2073 praedicta
1416 2039 1519 2073 fugerit
1551 2043 1579 2065 et
1604 2039 1760 2072 reliquerit,
1792 2039 1935 2064 consecuti
1966 2047 2058 2064 sumus
2078 2043 2103 2062 35

421 2093 565 2119 niaximum
598 2093 713 2118 lucrum.
762 2093 894 2127 Alioquin
925 2093 989 2118 talis
1020 2093 1054 2119 ab
1088 2092 1209 2118 ecclesia
1239 2093 1517 2118 anathematizandus
1547 2093 1592 2118 sit.
1641 2091 1805 2118 Gcrminant
1837 2092 1908 2117 enim
1937 2092 2058 2117 feminae

526 2241 655 2264 XCVIII.
688 2243 696 2264 1
720 2249 735 2264 a
756 2238 791 2270 te]
814 2244 875 2264 ante
899 2240 927 2267 L,
948 2241 981 2264 ad
1002 2244 1028 2264 te
1048 2240 1080 2263 Jt.
1172 2242 1186 2264 2
1207 2241 1385 2264 detraentium
1407 2239 1437 2262 L.
1522 2241 1536 2263 3
1558 2239 1675 2263 pudicos
1696 2237 1726 2263 L.
1786 2248 1789 2251 ·
1817 2241 1832 2263 4
1852 2237 1962 2269 videris]
1985 2244 2058 2263 caste

420 2285 478 2308 arbel.
501 2284 535 2308 M.
593 2288 708 2309 mentem
730 2285 759 2308 Ι..
780 2285 812 2309 Β.
869 2286 883 2309 6
904 2282 1016 2315 honore]
1037 2285 1166 2308 honorem
1180 2285 1212 2309 B.
1228 2285 1263 2309 ill.
1318 2284 1453 2315 gloriosus
1473 2283 1505 2308 B.
1561 2281 1648 2314 decet]
1669 2284 1748 2307 docet
1768 2283 1799 2308 B.
1834 2291 1837 2295 ·
1856 2286 1871 2308 S
1891 2288 2007 2307 mement
2026 2283 2058 2307 B.

421 2330 535 2353 Ammon
556 2329 591 2352 M.
651 2331 665 2353 9
686 2329 889 2353 tabernaculum
910 2329 940 2353 L.
997 2326 1060 2360 non]
1080 2330 1107 2352 in
1127 2330 1160 2354 B.
1225 2331 1255 2353 lo
1274 2329 1345 2353 tollit
1366 2328 1396 2353 L.
1451 2332 1527 2360 potes
1547 2328 1578 2352 B.
1634 2331 1778 2360 temptator
1796 2328 1828 2352 B.
1886 2329 1915 2352 11
1937 2326 2057 2359 pudoris]

421 2374 493 2405 pudo
514 2373 544 2396 L.
612 2375 643 2397 12
665 2374 819 2398 consolator
838 2374 869 2397 J),
935 2371 966 2404 si]
987 2375 1011 2397 ci
1031 2372 1062 2397 L.
1130 2375 1159 2397 13
1180 2374 1353 2397 Anthiothiae
1374 2373 1405 2397 B.
1470 2373 1608 2404 proibetur
1628 2370 1658 2401 L,
1719 2370 1806 2403 miles]
1826 2372 1896 2397 milis
1916 2381 1927 2396 e
1945 2381 2008 2396 corr.
2028 2371 2059 2396 L.
2077 2378 2104 2397 40

424 2419 453 2441 15
474 2419 496 2441 si
511 2430 543 2434 —
560 2415 716 2448 constituis]
730 2418 776 2441 sed
792 2418 1018 2450 congregationes
1035 2419 1266 2449 (congregationis
1281 2417 1313 2447 L)
1334 2417 1485 2449 puellarum
1499 2417 1577 2446 codd„
1597 2417 1638 2440 ubi
1652 2418 1795 2441 constituis
1814 2417 1886 2441 deest.
1946 2417 1979 2441 20
1999 2416 2057 2440 reli-

422 2470 475 2493 quo
505 2462 536 2486 R.
567 2464 596 2487 I..
624 2462 656 2485 B.
756 2464 788 2486 22
818 2463 962 2493 episeopus
992 2461 1022 2485 L.
1123 2460 1228 2491 231ad]
1260 2466 1287 2485 at
1316 2460 1346 2485 L.
1447 2462 1651 2485 commemorari
1681 2461 1712 2485 B.
1814 2462 1961 2493 superioris
1989 2461 2057 2485 codd.

421 2508 454 2531 24
475 2507 646 2530 sacerdotum
667 2507 698 2530 B.
790 2508 822 2530 25
844 2507 966 2537 digamus
985 2506 1024 2530 hic
1043 2511 1064 2530 e!
1084 2506 1154 2537 infra
1174 2504 1204 2529 L.
1297 2506 1470 2529 Concubinae
1491 2506 1522 2529 Β.
1614 2506 1646 2529 26
1672 2503 1732 2536 hac]
1752 2506 1818 2529 haec
1838 2505 1869 2529 R.
1961 2506 1992 2530 27
2014 2503 2057 2536 an]

421 2551 489 2575 hauc.
511 2551 580 2575 codd.
646 2550 738 2574 tabula
760 2551 794 2574 ΙΙΙ.
860 2551 891 2575 29
912 2549 953 2581 ae]
976 2559 990 2574 a
1012 2551 1042 2574 ΙΙ.
1109 2550 1178 2582 clegi
1201 2551 1230 2579 L,
1250 2550 1339 2581 aelegi
1359 2550 1390 2574 B.
1451 2551 1485 2574 30
1505 2548 1576 2580 Tito]
1598 2551 1650 2574 cito
1670 2548 1700 2574 L.
1722 2550 1753 2574 B.
1816 2551 1845 2574 31
1867 2553 2007 2581 exspectat
2026 2550 2057 2573 B.

421 2596 453 2619 35
474 2592 606 2626 legantur]
629 2595 746 2627 ligantur
767 2596 800 2618 M.
2077 2599 2103 2617 45

531 2739 558 2772 l)
593 2738 640 2773 Cf.
673 2742 737 2766 acta
774 2738 907 2769 Theclae,-
942 2738 1012 2765 Aeta
1045 2738 1099 2765 δ’δ’.
1131 2738 1206 2774 Sept.
1237 2737 1284 2771 I'I,
1315 2739 1384 2766 552.
1499 2736 1528 2771 2)
1562 2737 1826 2772 Ps.-IIiet·<›nJsnms‚
1863 2737 1992 2774 Epistola
2020 2737 2060 2764 affl

423 2793 581 2825 omarum,-
608 2792 680 2828 Opp.
705 2791 873 2826 Hieronymi
896 2791 948 2824 XI,
974 2792 1038 2819 272
1051 2802 1090 2827 sq.
1185 2790 1214 2823 3)
1242 2790 1289 2824 Cf.
1316 2790 1411 2817 concil.
1436 2789 1573 2823 Nicenwn
1598 2800 1619 2817 c.
1638 2791 1672 2823 3;
1705 2790 1803 2818 ‚Mansz'
1826 2790 1864 2823 II,
1889 2791 1959 2819 769.
