2242 3085
416 142 478 172 344
833 142 883 169 39.
921 141 1136 169 CONCILIUM
1160 140 1487 172 AQUISGRANENSE
1512 140 1547 166 A.
1569 139 1642 166 816,

415 243 490 268 tibus
514 242 635 275 deputet
661 244 689 266 et
715 249 782 275 erga
805 248 953 274 perversos
977 239 1038 265 iura
1060 239 1237 265 rectitudinis
1256 247 1311 265 non
1329 246 1462 264 exercere
1480 237 1621 263 formidet.
1659 233 1785 262 Omnes¹
1808 236 2058 262 homines'natura

415 297 549 329 aequales
573 294 682 329 genuit,
709 294 758 319 scd
783 293 911 319 variante
936 292 1097 318 meritorum
1121 292 1217 318 ordine
1243 291 1310 317 alios
1334 291 1394 317 aliis
1413 292 1496 324 culpa
1510 289 1664 324 postponit.
1698 288 1765 323 Ipsa
1781 293 1875 315 autem
1899 289 2056 321 diversitas,

416 357 488 382 quae
514 347 634 373 accessit
659 356 692 373 cx
716 346 795 377 vitio,
821 346 914 371 divino
939 345 1040 371 iudicio
1065 345 1253 379 dispensatur,
1286 348 1327 376 ut,
1359 344 1426 378 quia
1456 343 1542 369 omnis
1573 343 1653 369 homo
1677 351 1768 376 aeque
1793 345 1868 368 stare
1892 350 1947 368 non
1970 344 2057 373 valet,

415 403 487 427 alter
510 403 627 434 regatur
651 400 685 425 ab
710 401 808 425 altero.
845 397 958 430 Cuncti,
983 398 1031 432 qui
1048 402 1193 432 praesunt.
1218 397 1318 423 nonin
1335 406 1365 423 se
1389 399 1562 430 potestatem
1587 396 1694 421 debent
1718 395 1832 427 ordinis,
1857 395 1907 421 sed
1931 394 2057 428 aequali-

415 456 503 479 tatem
534 461 654 487 pensare
689 452 855 478 conditionis
886 460 939 477 nec.
967 459 1100 485 pracesse
1131 450 1287 476 hominibus
1318 450 1472 484 gaudeant,
1504 449 1554 475 sed
1584 449 1731 482 prodesse.
1783 446 1895 478 Quam²
1925 448 2058 474 videlicet
2076 455 2089 474 5

414 507 570 541 potentiam
595 506 669 531 bene
695 505 768 539 regit
793 505 841 539 qui
867 508 895 530 et
919 508 1019 530 tenere
1046 504 1118 530 illam
1149 504 1260 529 noverit
1290 507 1318 529 et
1343 503 1510 536 inpugnare.
1546 501 1625 528 Bene
1649 501 1721 527 hanc
1745 501 1819 535 regit
1850 501 1897 535 qui
1925 501 1978 526 scit
2007 509 2059 534 per

414 559 490 585 illam
513 568 601 593 super
626 561 721 592 culpas
747 558 825 592 erigi,
858 557 910 583 scit
942 566 1003 583 cum
1036 557 1083 583 illa
1112 557 1232 582 cacteris
1257 556 1432 590 aequalitate
1458 555 1585 589 conponi.
1634 552 1746 584 Quam3
1768 558 1865 580 tamen
1888 557 2057 588 potestatem

414 615 492 638 reete
518 612 663 645 dispensat
689 611 738 645 qui
761 611 880 637 sollicite
905 611 1014 636 noverit
1039 613 1068 636 et
1093 618 1201 635 sumere
1228 618 1261 635 ex
1284 609 1332 635 illa
1360 609 1434 642 quod
1459 608 1573 634 adiuvat
1599 612 1626 633 et
1653 616 1813 641 expugnare
1839 607 1912 641 quod
1936 609 2058 641 temptat

417 669 445 691 et
469 667 619 699 aequalem
644 673 673 690 se
700 673 761 690 cum
786 664 833 689 illa
857 663 977 690 caeteris
1001 671 1117 689 cernere
1144 666 1172 689 ct
1196 666 1291 689 tamen
1315 670 1345 687 se
1362 662 1546 696 peccantibus
1560 663 1623 687 -zclo
1639 660 1752 686 ultionis
1769 660 1922 687 anteferre.
1958 660 2058 686 Predi-

415 715 512 744 cator⁴
547 718 666 751 quisquc
699 717 825 749 studeat7
861 720 892 742 ut
927 717 1014 742 minas
1045 716 1203 750 potentium
1235 715 1446 741 ratiocinatione
1471 715 1581 748 mitiget
1615 717 1643 740 et
1677 722 1872 748 oppressorum
1905 713 2058 748 angustias,
2079 722 2103 741 ιο

416 775 551 805 quantum
575 770 733 805 praevalet,
766 779 819 804 ope
843 770 931 801 levet⁷
964 773 995 794 ut
1027 769 1092 794 foris
1116 768 1314 794 resistentibus
1339 769 1463 802 obponat
1486 768 1651 801 patientiam
1677 771 1705 793 et
1729 768 1806 793 intus
1829 766 2058 801 superbientibus

417 824 548 849 exhibeat
574 833 635 849 curn
659 823 800 857 patientia
824 822 1008 856 disciplinam,
1040 825 1071 847 ut
1103 830 1171 856 erga.
1202 825 1295 847 errata
1322 821 1497 847 subditorum
1521 821 1559 847 sic
1583 821 1768 847 mansuetudo
1792 822 1882 846 zelum
1906 823 2057 853 temperet,

416 880 556 910 quatenus
581 885 596 902 a
621 877 745 902 iustitiae
771 876 863 901 studio
888 884 942 901 non
969 878 1095 905 enervet,
1121 875 1158 900 sic
1184 875 1219 900 ad
1243 874 1377 900 ultionem
1401 874 1478 900 zelus
1502 873 1622 905 ferveat,
1647 882 1683 899 nc
1700 877 1794 899 tamen
1811 873 1926 907 pietatis
1943 873 2058 898 limitem

416 930 553 956 fervendo
578 930 770 955 transcendat.
817 929 946 954 Rectoris
970 927 1092 953 officium
1117 936 1178 953 esse.
1204 927 1302 958 debet7
1335 932 1364 952 ut
1394 927 1518 961 ingratos
1542 926 1687 952 beneficiis
1711 927 1746 952 ad
1770 935 1890 952 amorem
1915 930 2057 960 provocet,

415 986 447 1008 ut
471 986 565 1016 gratos
599 991 710 1016 quoque
742 982 901 1008 ministeriis
932 981 959 1006 in
991 989 1083 1006 amore
1115 984 1218 1009 servet,
1252 983 1283 1005 ut
1311 980 1495 1014 proximorum
1526 980 1608 1011 mala⁷
1640 988 1701 1005 cum
1729 980 1868 1013 corrigere
1892 989 1947 1005 non
1971 979 2058 1011 valet,
2079 985 2103 1004 15

417 1039 511 1061 taceat
537 1040 565 1061 et
591 1044 784 1069 quaecumque
811 1034 910 1068 corrigi
933 1033 1076 1067 loquendo
1100 1036 1216 1067 possunt
1241 1033 1385 1059 silentium
1409 1041 1575 1059 consensum
1600 1042 1661 1059 esse
1685 1033 1877 1067 pertimescat.

522 1092 631 1122 XXII.
669 1092 777 1122 Item
808 1090 979 1121 Isidori
1011 1090 1058 1120 de
1090 1090 1347 1120 humilitate
1378 1090 1749 1131 praepositorum.
1798 1092 1874 1124 Qui⁵
1898 1093 2060 1129 praeficitur

417 1151 451 1176 ad
484 1150 610 1184 regimen
642 1150 738 1175 taliter
770 1158 836 1183 erga
867 1149 1041 1182 disciplinam
1072 1148 1246 1174 subditorum
1270 1151 1415 1182 praestare
1440 1156 1469 1173 se
1496 1148 1594 1179 debet,
1626 1151 1656 1173 ut
1687 1156 1741 1173 non
1769 1147 1857 1174 solum
1881 1147 2059 1179 auctoritate,

416 1212 511 1229 verum
544 1203 627 1229 etiam
659 1202 818 1228 humilitate
851 1204 998 1228 clarescat.
1047 1201 1104 1227 Sed
1135 1204 1229 1227 tamen
1260 1201 1300 1227 ita
1331 1201 1383 1227 erit
1408 1201 1435 1226 in
1460 1210 1492 1227 eo
1517 1201 1603 1226 virtus
1627 1200 1799 1232 humilitatis,
1830 1210 1866 1227 ne
1894 1201 2061 1226 dissolvatur

419 1256 478 1281 vita
498 1256 674 1281 subditorum
699 1256 727 1280 in
750 1255 833 1287 vitiis⁷
859 1259 945 1289 atque
970 1255 1010 1280 ita
1033 1255 1185 1280 auctoritas
1209 1255 1301 1280 aderit
1325 1254 1485 1288 potestatis,
1515 1263 1550 1280 nc
1575 1263 1627 1288 per
1650 1258 1786 1280 tumorem
1811 1254 1900 1280 cordis
1924 1254 2060 1279 severitas
2079 1259 2105 1277 20

420 1309 521 1335 existat
554 1309 793 1334 inmoderationis.
840 1307 920 1333 Haec
953 1311 995 1333 est
1026 1308 1053 1333 in
1078 1308 1132 1333 Dei
1164 1307 1357 1333 sacerdotibus
1388 1316 1455 1333 vera
1480 1307 1622 1338 discretio,
1654 1315 1709 1340 qua
1738 1316 1790 1333 nec
1821 1315 1872 1341 per
1897 1307 2060 1333 libertatem

417 1362 530 1396 superbi
554 1370 607 1387 nec
631 1370 683 1395 per
706 1361 895 1387 humilitatem
919 1361 1036 1386 remissi.
1084 1360 1158 1386 Hinc
1184 1364 1237 1391 est,
1263 1360 1336 1394 quod
1361 1360 1451 1386 sancti
1475 1369 1537 1385 curn
1560 1362 1648 1386 multa
1671 1360 1829 1386 constantia
1856 1361 2061 1394 redarguerunt

418 1415 501 1441 etiam
526 1415 686 1449 principum
710 1415 788 1441 vitia.
812 1415 840 1439 in
864 1414 976 1448 quibus⁷
1002 1423 1062 1439 cum
1086 1423 1191 1439 summa
1215 1417 1291 1439 esset
1315 1413 1466 1445 humilitas7
1491 1413 1552 1439 loco
1576 1417 1670 1439 tamen
1689 1414 1847 1439 necessario
1863 1413 1952 1439 libere
1969 1417 2060 1439 trans-

418 1477 561 1502 gressores
593 1468 717 1493 iustitiae
750 1467 943 1501 increpabant.
991 1467 1153 1500 Aliquando
1188 1467 1271 1492 etiam
1302 1467 1421 1492 subditis
1452 1475 1501 1492 nos
1533 1470 1645 1500 oportet
1676 1467 1765 1492 animo
1799 1475 1860 1492 esse
1891 1466 2059 1498 humiliores,

417 1522 546 1555 quoniam
578 1521 655 1547 facta
685 1521 859 1546 subditorum
891 1521 1052 1546 iudicantur
1075 1529 1091 1545 a
1115 1520 1207 1552 nobis,
1240 1524 1335 1545 nostra
1365 1528 1432 1545 vero
1463 1520 1542 1545 Deus
1570 1520 1686 1546 iudicat.
1739 1520 1883 1553 Agnoscat
1914 1520 2061 1554 episeopus
2080 1524 2106 1542 25

417 1583 527 1600 servum
553 1583 582 1600 se
610 1583 671 1600 esse
696 1574 798 1608 plebis,
824 1582 878 1599 non
903 1574 1052 1599 dominum.
1086 1573 1191 1599 Verum
1215 1573 1285 1599 haec
1311 1573 1421 1604 caritas,
1445 1581 1500 1599 non
1525 1573 1646 1599 conditio
1672 1573 1766 1607 exigit.

524 1631 651 1661 XXIII.
688 1631 795 1661 Item
832 1630 1000 1661 Isidori
1038 1630 1085 1660 de
1122 1630 1358 1661 doctrinae
1395 1630 1684 1660 discretione.
1736 1633 1820 1660 NonG
1850 1635 1976 1661 omnibus
2007 1643 2063 1660 una

419 1690 576 1723 eademque
612 1689 739 1714 doctrina
773 1692 815 1715 est
847 1688 1018 1721 adhibenda,
1050 1689 1100 1714 sed
1131 1697 1181 1722 pro
1212 1688 1351 1722 qualitate
1381 1697 1485 1714 morum
1514 1689 1624 1715 diversa
1655 1689 1791 1715 exortatio
1824 1689 1876 1715 erit
1908 1689 2060 1714 doctorum.

418 1742 489 1768 Nam
514 1743 651 1775 quosdam
677 1742 834 1775 increpatio
866 1742 944 1774 dura⁷
978 1742 1113 1775 quosdam
1144 1750 1209 1767 vero
1235 1742 1370 1767 exortatio
1396 1742 1507 1776 corrigit
1532 1742 1645 1768 blanda.
1693 1741 1771 1767 Sicut
1794 1742 1878 1776 periti
1901 1742 2002 1768 medici
2026 1742 2062 1767 ad

418 1795 508 1820 varios
534 1795 656 1829 corporis
681 1795 789 1821 morbos
815 1795 923 1820 diverso
948 1795 1132 1821 medicamine
1157 1795 1293 1825 serviunt,
1325 1795 1364 1820 ita
1394 1798 1425 1820 ut
1456 1795 1534 1821 iuxta
1556 1797 1702 1821 vulnerum
1727 1795 1897 1821 variaetates
1925 1795 2063 1821 medicina
2081 1800 2107 1819 30

418 1848 529 1874 diversa
553 1848 598 1879 sit,
630 1848 668 1873 sic
695 1851 723 1874 et
751 1849 847 1874 doctor
873 1848 1009 1873 ecclcsiae
1035 1848 1150 1882 singulis
1175 1848 1332 1881 quibusque
1358 1856 1509 1881 congruum
1534 1848 1660 1874 doctrine
1685 1848 1839 1874 remedium
1863 1848 2009 1874 adhibebit
2033 1852 2062 1873 et

419 1901 485 1935 quid
510 1901 611 1935 cuique
639 1904 771 1935 oporteat
795 1910 844 1935 pro
869 1904 975 1930 aetate,
1008 1910 1058 1935 pro
1083 1910 1150 1927 sexu
1175 1910 1205 1927 ae
1230 1901 1404 1935 professione
1429 1901 1618 1927 adnuntiabit.
1665 1901 1727 1927 Non
1759 1901 1885 1927 omnibus
1914 1910 1956 1933 ea,
1989 1910 2061 1935 quae

418 1958 483 1979 sunt
508 1954 612 1983 clausa,
638 1954 791 1988 aperienda
815 1957 890 1979 sunt.
938 1954 1021 1979 Multi
1053 1957 1118 1979 sunt
1151 1954 1233 1985 enim,
1266 1954 1313 1987 qui
1343 1963 1444 1988 capere
1476 1963 1531 1980 non
1561 1958 1696 1988 possunt3
1728 1955 1829 1988 quibus
1859 1955 1881 1980 si
1909 1954 2061 1980 indiscrete

418 2007 644 2039 manifestentur,
678 2008 771 2033 statim
804 2011 852 2033 aut
885 2007 1039 2033 detrahunt
1071 2011 1118 2033 aut
1149 2007 1315 2041 neglegunt.
1364 2007 1457 2033 Prima
1489 2008 1592 2041 quippe
1617 2007 1784 2041 prudentiae
1809 2008 1896 2033 virtus
1922 2011 1964 2033 est
1990 2016 2060 2039 eam,

524 2146 599 2169 XXI.
630 2148 640 2169 1
666 2154 806 2177 perversus
827 2146 858 2169 11.
914 2154 967 2169 non
982 2144 1118 2175 exercere]
1141 2154 1193 2169 non
1209 2146 1352 2170 exhercere
1366 2146 1398 2171 B.
1420 2154 1544 2170 exercere
1559 2154 1614 2170 non
1634 2147 1669 2170 Jl.
1730 2147 1744 2170 2
1765 2144 1900 2177 aequales]
1915 2146 2016 2177 equalis
2030 2146 2061 2170 B.
2082 2153 2107 2171 35

420 2192 434 2213 3
455 2188 534 2221 quae]
555 2198 622 2221 quas
643 2190 673 2214 15.
738 2191 752 2213 5
773 2188 833 2220 nec]
854 2198 886 2214 nc
907 2190 939 2214 B.
1003 2191 1016 2214 Ἰ
1038 2188 1120 2221 1113111]
1140 2190 1188 2214 1113
1207 2190 1239 2213 lt.
1303 2191 1334 2213 10
1355 2187 1450 2220 minas]
1470 2191 1558 2214 minus
1578 2190 1608 2213 L.
1668 2188 1888 2222 ratiocinatione]
1909 2191 2011 2214 ratione
2031 2190 2061 2219 L,

419 2235 623 2258 ratiotinatione
644 2234 675 2257 J).
770 2236 800 2258 12
829 2232 927 2264 errata]
948 2234 1054 2258 herrata
1074 2234 1107 2258 B.
1200 2236 1231 2258 13
1259 2242 1274 2258 a
1293 2234 1358 2258 deest
1376 2234 1408 2258 B.
1501 2232 1620 2265 enervet]
1648 2238 1723 2259 eruet
1742 2235 1773 2258 R.
1793 2234 1824 2260 L.
1915 2232 1963 2265 sic]
1989 2235 2011 2258 si
2030 2235 2062 2259 B.

419 2276 461 2308 110]
483 2286 531 2302 nec
553 2279 584 2302 1.).
604 2278 635 2304 L.
694 2280 725 2301 14
747 2279 891 2302 Rectorum
912 2280 947 2303 ΙΙΙ.
1002 2282 1151 2309 provocent
1170 2287 1181 2302 e
1200 2287 1261 2302 corr.
1282 2278 1318 2304 Ill.
1376 2280 1407 2302 15
1428 2287 1545 2302 amorem
1566 2279 1597 2302 R.
1617 2278 1647 2302 L.
1703 2282 1810 2303 servent
1829 2280 1864 2303 ΛῙΙ.
1920 2278 2011 2303 valeat
2030 2279 2063 2307 B,

419 2322 510 2346 valent
529 2323 565 2346 Ill.
644 2323 674 2346 16
694 2326 802 2346 taceant
822 2323 857 2346 M.
931 2322 1039 2346 silentio
1059 2322 1091 2348 B,
1165 2323 1357 2353 pertimescant
1376 2322 1407 2346 L.
1427 2323 1463 2346 M.

525 2376 611 2399 XXII.
645 2377 674 2399 17
702 2376 807 2399 Esidori
836 2375 866 2399 L.
959 2377 989 2399 19
1017 2376 1163 2400 dissolatur
1182 2376 1214 2400 B.
1306 2377 1339 2400 20
1366 2377 1536 2399 auctoritatis
1556 2376 1589 2400 B.
1681 2377 1710 2400 21
1739 2373 1802 2407 qua]
1822 2377 1885 2407 quia
1904 2376 1935 2405 L,
1965 2376 2011 2407 qui
2031 2376 2062 2400 B.
2081 2382 2108 2401 40

420 2420 452 2443 22
472 2417 664 2450 humilitatem]
683 2421 737 2443 sint
756 2420 814 2443 add.
834 2420 868 2444 al.
888 2428 953 2443 man.
974 2420 1011 2448 M,
1038 2420 1104 2443 fiunt
1122 2420 1182 2443 add.
1202 2420 1263 2444 Isid.
1337 2417 1495 2450 constantia]
1519 2420 1671 2444 substantia
1690 2420 1720 2443 L.
1795 2421 1827 2444 23
1846 2421 2010 2452 principium
2030 2420 2062 2444 B.

420 2471 480 2486 cum
500 2471 602 2487 summa
623 2461 702 2494 esset]
723 2468 935 2488 consummasset
954 2464 985 2487 B.
1060 2465 1092 2488 26
1112 2463 1184 2495 plebi
1203 2464 1235 2487 B.
1255 2464 1286 2488 L.
1306 2464 1338 2488 B.

525 2517 626 2540 XXIII.
657 2516 689 2540 29
710 2517 861 2541 exhortatio
881 2517 920 2541 hic
938 2521 960 2540 et
979 2516 1049 2548 infra
1068 2517 1105 2541 M.
1179 2518 1212 2541 30
1233 2520 1261 2540 ut
1280 2517 1345 2541 deest
1363 2517 1394 2540 L.
1468 2518 1500 2541 32
1522 2515 1563 2547 ac]
1585 2517 1619 2541 ad
1639 2517 1670 2541 B.
1745 2519 1777 2541 34
1798 2517 1924 2541 detraunt
1941 2517 1973 2541 B.

530 2642 557 2674 1)
587 2642 635 2669 EJ:
661 2641 800 2678 Greyorio
827 2642 878 2675 JI„
904 2642 1014 2678 Reyula
1032 2646 1144 2678 pastor.
1169 2642 1205 2668 H
1224 2651 1245 2668 c.
1265 2643 1300 2675 6‚·
1330 2642 1459 2678 0121).AE
1476 2644 1517 2671 20
1541 2639 1593 2677 (ef.
1621 2642 1754 2679 Gregorii
1778 2643 1819 2670 ΙΙΙ.
1844 2643 1965 2670 moralia
1988 2643 2069 2670 XXI

420 2704 442 2721 c.
462 2695 498 2722 15
513 2691 536 2731 ,ξ’
552 2696 608 2727 ⁴22,-
635 2694 706 2730 Opp.
726 2694 749 2727 I,
768 2692 847 2729 689).
920 2694 949 2728 2)
968 2694 1017 2721 Ex
1036 2694 1175 2731 Greqorio
1194 2694 1245 2728 M„
1265 2694 1375 2731 Regula
1386 2698 1498 2730 pastor.
1516 2695 1551 2721 Π
1563 2704 1584 2722 c.
1600 2696 1635 2729 6;
1652 2696 1668 2722 l.
1687 2696 1703 2722 l.
1722 2695 1760 2729 H,
1777 2696 1826 2724 21.
1897 2695 1926 2729 3)
1944 2695 2060 2723 Ibidem.
2080 2703 2106 2722 4⁶

421 2746 451 2779 4)
478 2747 527 2774 Ea·
552 2746 693 2784 Greynrio
719 2747 771 2781 ils„
806 2747 933 2774 Mor-alia
958 2748 991 2774 X
1010 2758 1031 2774 c.
1050 2749 1068 2775 6
1091 2743 1114 2784 ξ
1129 2749 1166 2780 8,·
1203 2746 1275 2783 Opp.
1294 2747 1316 2779 I,
1335 2748 1400 2775 341.
1517 2748 1546 2781 5)
1580 2748 1713 2781 Isidorus,
1746 2748 1868 2776 Sentent.
1894 2748 1946 2775 III
1964 2759 1986 2776 0.
2003 2750 2061 2782 42,-

421 2798 493 2835 Opp.
520 2800 565 2828 VI.
590 2801 656 2828 329.
751 2800 780 2833 6)
806 2800 849 2827 ΙΙ).
876 2800 928 2826 ΙΙΙ
946 2810 968 2827 c.
985 2801 1040 2833 43;
1065 2801 1082 2827 l.
1101 2801 1117 2827 I.
1144 2800 1189 2833 VI.
1215 2801 1273 2828 329
1285 2810 1344 2836 sqq.

2223 2434 2237 2476 *a
