2242 3085
249 1168 320 1189 Exod.
329 1169 361 1191 2¹0,
371 1169 388 1187 Ἰ.

248 1376 390 1399 cf.Matuh.5,

275 1404 360 1423 Sssffzuj,

235 1825 394 1848 cf,Prov.11‚1.

255 1878 333 1897 Maon.
344 1879 362 1901 7,
373 1878 390 1896 2.

405 135 468 165 292
870 136 919 162 38.
958 134 1172 162 CONCILIUM
1199 134 1431 161 'FURONENSE
1457 134 1492 160 A.
1515 134 1587 160 813.

512 230 582 260 XL.
623 229 765 270 Itemque
790 240 830 258 110
849 234 991 258 mercata
1012 233 1042 258 et
1067 227 1185 269 placita
1210 227 1261 257 die
1287 226 1449 257 dominica
1471 237 1606 268 usquam
1627 226 1715 266 fiant,
1737 226 1956 266 interdicatur,
1983 238 2048 268 qua

407 287 532 325 oportet
557 293 666 313 omnes
685 281 886 312 Christianos
904 292 920 311 a
939 280 1046 311 servili
1065 292 1161 322 opere
1180 291 1307 310 cessare
1331 285 1361 310 et
1387 280 1479 321 quasi
1504 279 1644 321 quodam
1669 279 1803 321 spiritali
1821 280 1884 310 otio
1902 280 1934 310 in
1953 279 2048 310 laude

406 336 469 367 Dei
496 341 526 366 et
550 335 728 375 gratiarum
753 334 878 365 actione
903 344 1005 375 usque
1030 333 1071 364 ad
1095 344 1265 374 vesperam
1290 343 1509 374 perseverare.

514 397 600 428 XLI.
639 396 848 430 Incestuosil,
881 395 1073 437 parricidae,
1106 394 1287 425 homicidae
1312 394 1401 425 multi
1426 393 1513 435 apud
1537 405 1605 433 nos,
1636 393 1699 424 11011
1724 405 1781 435 pro
1807 393 1906 433 dolor,
1935 405 2048 435 reppe-

406 451 542 481 riuntur.
591 450 655 480 Sed
687 449 783 490 aliqui
816 460 856 479 cx
889 448 949 479 illis
981 448 1184 479 sacerdotum
1216 447 1329 477 nolunt
1360 446 1631 477 admonitionibus
1659 458 1768 477 aurem
1793 446 2048 485 accommodare,
2069 458 2082 477 5

406 504 551 534 volentes
576 503 607 533 in
634 502 776 544 pristinis
801 501 976 543 perdurare.
1002 500 1201 532 criminibus.
1238 500 1327 539 Quos
1352 506 1478 541 oportet
1502 511 1559 541 per
1583 499 1758 530 saecularis
1775 500 1938 541 potentiae
1956 499 2049 530 disci-

406 557 526 599 plinam
558 568 575 586 a
608 562 672 586 tam
705 567 806 597 prava
842 554 1074 585 consuetudine
1111 565 1271 592 coercere,
1309 554 1363 595 qui
1399 564 1457 594 per
1493 552 1657 583 salutifera
1692 552 1895 583 sacerdotum
1930 553 2051 583 monita

407 610 577 640 noluerunt
603 609 758 639 revocari.
809 608 953 647 Quorum
979 607 1102 649 aliquos
1128 608 1190 637 iam
1215 606 1577 637 excommunicavimus.
1626 605 1691 636 Sed
1722 605 1767 636 illi
1795 605 1855 636 1100
1880 605 2050 647 parvipen-

408 663 520 693 dentes
546 663 576 692 in
609 661 731 692 eisdem
762 661 978 703 perdurarunt
1010 659 1207 691 criminibus.
1256 658 1475 698 Quamobrem
1505 664 1613 689 vestra
1644 658 1797 689 decernat
1828 658 2050 695 mansuetudo,

409 715 486 757 quid
511 715 550 746 (10.
576 714 692 746 talibus
718 714 871 756 deinceps
896 713 1057 755 agendum
1083 714 1132 743 sit.
2072 723 2098 741 ιο

516 777 621 807 XLII.
658 776 886 807 Admoneant‘2
910 775 1094 806 sacerdotes
1118 774 1230 805 fideles
1255 774 1401 816 populos,
1426 779 1461 804 ut
1482 774 1631 804 noverint
1647 774 1790 814 magicas
1808 779 1892 803 artes
1908 773 2051 803 incanta-

408 831 577 872 tionesque
603 829 800 871 quibuslibet
824 827 1062 859 infirmitatibus
1088 828 1251 858 hominum
1276 827 1354 857 nihil
1379 838 1473 868 posse
1499 826 1633 857 remedii
1658 826 1814 863 conferre,
1844 837 1908 857 11011
1933 827 2052 856 anima-

409 883 493 914 libus
518 882 745 924 languentibus
770 880 1070 912 claudicantibusve
1095 880 1146 911 vel
1172 881 1268 911 etiam
1293 879 1493 910 moribundis
1519 880 1691 921 quicquam
1716 879 1849 915 mederi,
1882 890 1945 910 non
1974 879 2051 920 liga-

409 942 497 967 turas
533 947 661 967 ossuum
698 935 749 965 vel
785 934 957 965 herbarmn
990 934 1140 975 cuiquam
1172 933 1353 964 mortalium
1384 933 1546 964 adhibitas
1577 933 1741 975 prodesse,
1779 932 1835 963 sed
1866 932 1946 963 haec
1983 943 2052 962 esse

410 990 543 1032 laqueos
569 996 599 1019 et
623 988 757 1018 insidias
784 987 907 1029 antiqui
932 987 1041 1025 hostis,
1068 986 1184 1028 quibus
1210 986 1261 1016 ille
1288 986 1428 1028 perfidus
1453 998 1554 1028 genus
1571 986 1745 1017 humanum
1764 985 1914 1027 decipere
1932 985 2052 1015 nititur.
2073 996 2100 1015 15

517 1050 640 1081 XLIII.
678 1050 799 1080 Omnes
832 1049 975 1079 homines
1007 1048 1226 1087 admonemus,
1258 1059 1298 1078 ne
1330 1059 1388 1090 per
1418 1048 1544 1089 singula
1567 1047 1668 1078 verba
1699 1048 1790 1089 quasi
1821 1047 1862 1078 ad
1887 1047 2053 1078 confirma-

410 1106 530 1136 tionem
556 1114 632 1134 suac
658 1103 843 1133 assertionis
867 1113 985 1132 nomen
1009 1102 1141 1132 Domini
1167 1102 1198 1131 in
1223 1112 1341 1131 vanum
1367 1106 1540 1140 assumant,
1570 1100 1656 1142 quod
1680 1101 1748 1142 ipse.
1773 1101 1933 1131 Dominus
1958 1101 2054 1130 inter-

411 1158 489 1188 dicit
517 1156 710 1191 faciendum,
743 1155 798 1186 ubi
830 1155 889 1185 ait:
922 1155 970 1185 Ne
1001 1155 1150 1185 adsnmas
1182 1167 1287 1185 nomen
1313 1154 1379 1185 Dea·
1407 1156 1455 1185 11ιὶ
1484 1156 1513 1185 in
1547 1166 1668 1185 ranam.
1717 1153 1755 1183 In
1786 1165 1905 1184 vanum
1937 1153 2054 1183 etenim

411 1222 528 1241 nomen
552 1210 615 1240 Dei
641 1209 829 1244 adsumitur,
863 1207 991 1249 quando
1017 1207 1132 1249 aliquis
1158 1207 1200 1238 ad
1224 1206 1351 1248 singula
1374 1206 1485 1246 verba,
1518 1206 1634 1248 quibus
1658 1206 1736 1245 vult,
1768 1212 1803 1237 ut
1834 1205 1895 1236 sibi
1927 1205 1967 1236 ab
1993 1205 2054 1236 alio

412 1263 572 1302 credatur,
598 1263 705 1293 Deum
723 1262 974 1303 omnipotentem
993 1266 1108 1291 testem
1132 1261 1178 1291 rei
1203 1261 1342 1296 invocat,
1368 1259 1407 1290 de
1433 1272 1496 1302 qua
1520 1260 1573 1297 ait,
1599 1270 1736 1301 eumque
1761 1258 1821 1289 sibi
1846 1259 1890 1289 ita
1914 1270 1984 1289 esse
2002 1258 2054 1289 ad-
2076 1270 2102 1288 20

412 1317 557 1351 intorem,
590 1316 671 1346 sicut
701 1326 740 1345 00
770 1325 849 1345 vera
881 1315 952 1352 sint,
986 1325 1069 1355 quae
1100 1313 1250 1355 loquitur.
1297 1314 1381 1344 Nam
1407 1319 1437 1344 et
1461 1314 1530 1355 ipse
1555 1313 1714 1344 Dominus
1746 1313 1779 1342 in
1804 1311 1971 1353 evangelio
1996 1311 2056 1342 hoc

412 1369 507 1400 modo
532 1368 707 1410 prohibens
733 1379 825 1399 omne
852 1379 952 1408 genus
978 1367 1165 1397 iuramenti:
1192 1367 1307 1405 Nolite,
1332 1367 1446 1408 inquit,
1472 1368 1596 1397 omnino
1616 1367 1722 1397 iurare
1741 1378 1837 1407 neque
1856 1378 1916 1407 per
1941 1365 2057 1396 coelam

414 1436 508 1464 neque
528 1434 588 1464 lter
612 1430 724 1452 tel-ram
752 1434 846 1463 neque
864 1433 926 1463 pet·
950 1428 1043 1463 capnt
1066 1428 1147 1451 tuum
1175 1425 1205 1450 et
1230 1425 1368 1450 caetera.

518 1483 657 1514 XLIIII.
695 1483 832 1524 Propter
857 1482 1001 1513 diversas
1027 1482 1214 1513 occasiones
1239 1493 1290 1511 res
1314 1492 1493 1523 pauperum
1511 1480 1617 1511 multis
1636 1481 1669 1510 in
1685 1480 1765 1511 locis
1782 1479 1876 1510 valde
1894 1485 2056 1510 attenuate

413 1543 495 1573 sunt,
522 1548 631 1567 eormn
658 1537 789 1573 scilicet,
823 1536 877 1577 (1111
909 1535 1002 1566 liberi
1031 1546 1100 1565 esse
1125 1540 1301 1565 noscuntur
1325 1539 1356 1564 et
1381 1533 1439 1564 sub
1465 1539 1622 1575 potestate
1647 1533 1861 1575 potentiorum
1887 1538 1959 1563 sunt
1984 1543 2056 1563 000-
2076 1543 2103 1562 25

414 1591 549 1622 stit11ti³.
599 1590 744 1628 Quorum
770 1590 795 1619 si
820 1589 950 1630 negotia
975 1594 1006 1619 et
1039 1600 1153 1619 causas
1187 1587 1358 1618 clementia
1393 1587 1527 1629 piissimi
1561 1587 1716 1628 principis
1750 1586 1850 1617 nostri
1886 1585 2058 1627 diligenter

414 1644 610 1685 investigare
637 1643 775 1682 iusserit,
800 1643 1026 1684 repperientur
1050 1641 1276 1683 quamplurimi
1301 1640 1437 1671 diversis
1458 1639 1683 1671 occasionibus
1701 1639 1742 1670 ad
1758 1639 1903 1670 ultimam
1920 1649 2054 1680 pauper—

413 1703 510 1728 tatem
536 1697 600 1727 iam
624 1696 737 1737 redigi.

521 1758 623 1789 XLV.
662 1757 756 1797 Quod
788 1768 957 1787 mensurae
990 1762 1021 1787 et
1053 1756 1198 1798 pondera
1228 1756 1312 1786 iusta
1342 1755 1462 1797 ubique
1493 1754 1644 1786 habenda
1675 1755 1747 1790 sint,
1779 1755 1869 1785 testis
1895 1753 2056 1787 Salomon,

414 1813 468 1854 qui
494 1812 582 1849 dicit,
609 1811 693 1853 quod
719 1816 837 1841 statera
862 1810 972 1841 dolosa
997 1810 1215 1840 abhominatio
1240 1810 1280 1839 sit
1304 1809 1390 1851 apud
1415 1809 1521 1839 Deum
1547 1814 1578 1839 01
1601 1808 1727 1850 pondus
1753 1819 1891 1849 aequum
1908 1807 2056 1838 voluntas
2076 1817 2103 1836 3ο

414 1866 492 1905 eius,
519 1871 549 1896 et
566 1865 725 1895 Dominus
746 1865 777 1894 in
804 1863 987 1904 evangelio:
1020 1864 1056 1893 In
1083 1876 1143 1905 qna
1171 1875 1324 1901 mensura,
1348 1862 1462 1904 inquit,
1489 1863 1590 1893 mensi
1602 1862 1739 1904 fueritis
1764 1862 1937 1891 remetietur
1963 1861 2055 1891 robis.

416 1918 511 1958 Quod
536 1918 611 1949 11001
636 1918 675 1948 (10
700 1922 811 1948 mutua
834 1916 879 1947 ibi
905 1916 1025 1947 dictum
1050 1916 1251 1957 indulgentia
1275 1915 1417 1956 intellegi
1443 1915 1553 1956 possit,
1578 1919 1685 1945 tamen
1710 1925 1774 1944 non
1798 1912 1936 1944 absurde
1962 1918 1993 1943 et
2017 1913 2056 1943 de

414 1972 474 2002 hac.
499 1983 533 2002 re
559 1971 679 2002 (11011101
705 1971 809 2011 accipi
834 1970 930 2000 valet.

522 2033 640 2064 XLVI.
678 2033 788 2063 Nonas
813 2044 850 2062 ac
876 2031 1028 2070 decimas,
1061 2043 1140 2073 quas
1172 2031 1225 2072 (1111
1258 2042 1308 2061 res
1334 2030 1572 2061 ecclesiasticas
1596 2034 1706 2060 tenent
1731 2028 1854 2059 solvere
1879 2027 2058 2058 rectoribus

416 2087 607 2117 eclesiarum
633 2086 770 2116 ordinati
797 2090 870 2115 sunt
894 2085 935 2115 ad
960 2085 1130 2115 luminaria
1155 2090 1185 2115 et
1208 2083 1369 2125 stipendia
1387 2083 1586 2121 clericorum,
1612 2082 1718 2112 multis
1736 2082 1767 2112 in
1785 2081 1862 2112 loeis
1879 2080 2058 2111 abstractas
2077 2091 2104 2110 35

416 2151 486 2170 esse
510 2139 661 2170 vidimus.
710 2138 806 2177 Quod
839 2150 935 2179 saepe
967 2138 1031 2168 iam
1063 2138 1167 2168 missis
1192 2137 1307 2167 vestris
1339 2137 1369 2167 111
1402 2136 1540 2178 publicis
1569 2135 1783 2166 indicavimus
1808 2134 1944 2176 placitis.
1993 2133 2059 2165 Sed

416 2193 490 2223 inde
528 2192 684 2223 hactenus
720 2197 775 2222 aut
806 2203 942 2233 parvum
974 2197 1028 2221 aut
1060 2190 1180 2221 nullum
1202 2190 1376 2221 consecuti
1410 2200 1518 2220 sumus
1550 2188 1709 2219 effectum.
1764 2187 1917 2218 Similiter
1953 2192 1983 2217 et
2019 2186 2058 2217 de

522 2302 577 2324 XL.
608 2302 617 2324 1
641 2309 673 2324 ne
694 2301 758 2324 deest
778 2300 813 2324 Al.
887 2297 948 2330 qna]
972 2300 1035 2330 quia
1056 2299 1087 2322 X.

523 2346 593 2368 XLI.
624 2347 637 2368 4
660 2342 858 2376 reppmiuntur]
880 2344 914 2367 ita
934 2344 965 2372 X,
986 2344 1170 2375 reperriuntur
1189 2343 1226 2366 ill.
1300 2344 1314 2366 5
1335 2342 1523 2366 acommodare
1544 2341 1575 2364 X.
1653 2342 1666 2365 7
1688 2341 1832 2364 cohercere
1853 2339 1885 2364 λ’.
1959 2342 1973 2363 9
1994 2348 2057 2371 qua—

416 2391 507 2413 obrem
528 2390 563 2413 M.
2078 2392 2106 2410 40

523 2434 609 2457 XLII.
642 2435 668 2457 11
693 2432 795 2463 fideles]
817 2434 848 2456 *le
870 2433 920 2456 tide
942 2432 973 2456 X.
1050 2433 1080 2455 13
1101 2432 1207 2455 medei-1·
1227 2431 1260 2455 Ν.
1335 2432 1366 2454 15
1387 2434 1413 2454 et
1431 2430 1496 2453 deest
1518 2429 1551 2453 Jl.

524 2478 625 2501 XLIII.
656 2479 688 2501 2⁴)
708 2482 803 2501 testem
823 2478 888 2501 deest
908 2477 938 2500 λ’.
1010 2477 1048 2500 rei
1069 2477 1179 2500 invocat
1192 2489 1225 2491 —
1240 2473 1286 2505 ait]
1307 2476 1445 2499 reinvocat
1459 2474 1491 2497 de
1506 2482 1559 2504 quo
1574 2474 1611 2497 ait
1632 2473 1667 2502 M,
1689 2474 1726 2497 rei
1741 2474 1773 2498 (le
1788 2482 1839 2504 qua
1854 2474 1890 2497 ait
1904 2474 2013 2496 invocat
2027 2472 2058 2496 X.

416 2524 454 2546 ita
473 2522 538 2545 deest
558 2521 589 2545 λ’.

524 2566 640 2590 XLIIII.
671 2567 703 2589 213
725 2564 820 2595 nostri]
842 2569 866 2588 vt
886 2565 945 2588 add.
966 2564 997 2588 X.
1072 2566 1103 2588 :ET
1126 2561 1322 2595 rt-pwaerientur]
1343 2563 1377 2587 ita
1398 2563 1429 2589 N.
1457 2565 1661 2594 rcppcrerentur
1680 2562 1716 2586 M.

525 2611 603 2634 XLV.
634 2611 663 2633 :31
688 2607 753 2639 eius]
776 2613 813 2633 est
837 2608 869 2632 Δ11.
944 2611 975 2632 32
997 2608 1164 2639 indulgentia
1185 2608 1249 2631 deest
1269 2608 1301 2631 X.
1375 2609 1407 2631 33
1428 2604 1487 2637 hac]
1507 2607 1539 2630 ha
1561 2603 1592 2629 N.
2078 2617 2106 2635 45

525 2655 619 2678 XLVI.
649 2656 681 2678 :54
702 2652 742 2684 ac]
765 2655 813 2677 1100
836 2653 866 2677 λ’.
941 2654 972 2676 36
994 2650 1099 2682 vestris]
1122 2654 1219 2676 nostris
1239 2651 1271 2674 λ’.
1345 2653 1376 2676 37
1398 2649 1518 2683 parvum]
1539 2659 1631 2682 parum
1653 2647 1688 2674 Μ.

528 2746 554 2773 1)
590 2745 636 2778 (js.
663 2755 684 2770 ‹·.
710 2747 751 2772 22.)
777 2743 806 2771 (ἲ
834 2746 871 2772 :23
896 2753 940 2779 qu.
961 2745 988 2771 5.
1106 2744 1134 2775 2)
1170 2743 1217 2776 (ss.
1244 2753 1265 2769 ‹·.
1284 2744 1320 2770 15
1347 2742 1378 2769 C.
1395 2744 1435 2770 ..⁸30¹
1460 2752 1504 2777 qu.
1523 2743 1550 2769 7.
1667 2741 1696 2770 3)
1732 2740 1778 2774 Cf.
1814 2739 1885 2767 MG.
1919 2739 2009 2775 Capit.
2036 2739 2059 2772 I,

422 2800 474 2826 163
501 2808 522 2824 τ’.
540 2800 567 2825 5.
