2242 3085
423 118 464 147 82
908 120 955 146 14.
993 120 1210 148 CONCILIUM
1235 121 1433 147 ROMANUM
1458 121 1494 147 A.
1517 121 1590 148 769.

424 213 522 244 dixit:
561 213 774 244 ‘Sanctissimi
800 213 915 243 fratres
941 219 972 244 et
1004 213 1261 249 consacerdotes
1298 213 1371 244 ideo
1403 218 1543 244 vestram
1568 214 1639 244 Deo
1672 213 1844 245 amabilem
1876 219 1972 256 atque
1997 225 2073 246 con-

424 267 569 307 spicuam
587 266 791 297 sanctitatem
808 266 841 296 in
858 266 941 297 hanc
960 272 1209 303 sacrosanctam,
1232 272 1367 297 matrem
1385 267 1526 297 omnium
1544 267 1776 298 aecclesiarum
1792 266 1867 307 Dei,
1892 268 2072 299 Romanam

424 319 595 350 ecclesiam
621 330 800 360 aggregare
827 318 866 350 de
891 319 1027 350 diversis
1053 320 1228 361 provinciis
1253 319 1444 359 studuimus7
1468 325 1504 350 ut
1528 319 1567 350 de
1592 320 1761 350 invasione
1787 325 1818 350 et
1841 331 1926 351 nova
1944 321 2072 351 temeri-

424 373 497 403 tatis
530 372 803 413 praesumptione,
835 383 918 414 quae
949 384 1008 414 per
1039 372 1287 403 Constantinum
1319 378 1351 403 et
1381 373 1450 403 eius
1481 384 1637 415 sequaces
1668 373 1743 403 huic
1774 373 1971 415 apostolicae
2003 373 2072 405 sedi

425 426 569 467 inrepsit,
596 425 712 456 subtile
738 426 784 456 rei
809 426 958 457 meritum
983 426 1180 468 perscrutari
1197 425 1336 456 iubeatis
1354 431 1385 456 et
1402 426 1579 457 secundum
1597 431 1781 457 sanctorum
1798 437 1958 457 canonum
1976 432 2072 468 atque

424 478 640 520 probabilium
664 484 792 520 patrum
818 479 949 510 decreta
973 479 1016 519 id,
1042 478 1128 521 quod
1153 479 1324 521 aequitatis
1349 479 1451 520 exigit
1475 479 1573 518 racio,
1599 478 1774 510 decernere
1800 479 1977 512 studeatis'.

533 531 687 563 Sanctum
706 532 877 563 concilium
900 531 1083 574 respondit:
1110 532 1262 562 ‘Veniant
1286 532 1318 562 in
1342 533 1443 563 nostri
1467 532 1652 573 praesentia
1675 531 1718 568 hi,
1744 532 1798 573 qui
1816 543 1889 562 eum
1907 532 2075 574 elegerunt

425 591 522 627 atque
548 585 744 616 ennormiter
769 591 1051 623 consecraverunt,
1078 590 1108 616 et
1133 585 1251 620 dicant,
1277 585 1415 627 qualiter
1439 596 1473 615 se
1498 586 1545 615 rei
1569 584 1667 615 habet
1691 585 1839 627 qualitaS,
1864 590 1899 616 ut
1923 586 2073 626 sciamus,

426 638 504 680 quid
529 638 646 669 exinde
673 639 849 669 canonicae
875 650 947 669 cum
972 638 1036 669 Dei
1061 638 1182 669 auxilio
1207 636 1441 670 decernamus.
1478 638 1707 673 Sanctissimus
1733 649 1771 669 ac
1796 643 1845 669 ter
1868 638 2073 670 beatissimus

427 691 611 733 Stephanus
644 703 785 722 summus
818 691 965 733 pontifex
997 697 1028 722 et
1058 691 1251 722 universalis
1286 702 1373 733 papa
1403 691 1501 722 dixit:
1539 691 1641 732 ‘Eg01
1669 691 1708 722 de
1739 691 1801 722 hac
1833 703 1931 722 causa
1954 692 2074 723 nullam

426 744 530 775 habco
563 745 747 783 scienciam,
781 745 865 786 quia,
898 744 1027 786 quando
1060 744 1196 775 domnus
1226 744 1346 775 Paulus
1377 756 1463 786 papa
1495 744 1534 775 de
1566 744 1626 775 hac
1651 745 1718 775 vita
1742 750 1931 783 recesserat,
1964 756 2074 776 omnes

427 809 499 828 eum
525 797 796 839 derelinquentes,
832 798 893 828 nisi
919 809 978 839 ego
1003 797 1125 828 funeris
1151 797 1348 828 adsistebam
1373 797 1553 828 custodiam
1587 796 1627 828 ob
1660 797 1843 839 sepulturae
1871 798 2074 830 tradendum.

427 850 493 882 Sed
518 862 594 882 ecce
620 851 755 881 dilectus
780 851 863 881 filius
888 856 996 882 noster
1021 850 1271 892 Christophorus
1296 851 1499 892 primicerius
1525 862 1607 892 quae
1633 852 1693 881 scit
1718 850 1867 884 aedicat‘.

535 904 627 935 Tunc
659 905 824 945 ingressus
857 904 1077 934 sanctissimus
1109 905 1159 934 vir
1188 903 1449 946 Christophorus,
1479 904 1682 945 primicerius
1714 905 1912 935 notariorum
1944 909 2075 935 sanctae

427 958 536 988 saedis
563 957 771 999 apostolicae,
797 957 955 988 adsistens
980 958 1013 987 in
1037 957 1143 988 medio
1169 957 1347 988 venerandi
1372 958 1510 997 concilii,
1536 958 1634 989 dixit:
1663 958 1876 989 ‘Sanctissimi
1901 964 2019 1000 patres,
2045 964 2076 989 et

428 1011 504 1042 dum
522 1011 708 1042 recensacio
729 1010 823 1041 huius
840 1010 1015 1052 perhactae
1037 1022 1154 1041 causae
1181 1010 1307 1052 prolixa
1331 1016 1388 1050 est,
1415 1016 1446 1041 et
1466 1011 1540 1042 dum
1559 1011 1659 1042 multa
1676 1018 1759 1046 sunt,
1785 1022 1868 1053 quae
1886 1011 2075 1051 referantur,

428 1065 556 1095 exarari
580 1064 643 1095 feci
675 1075 723 1102 ea,
756 1075 838 1105 quae
866 1064 898 1093 in
930 1064 1029 1094 vestri
1062 1063 1160 1094 offero
1192 1064 1383 1105 praesencia
1413 1063 1505 1095 vobis
1537 1064 1732 1105 relegenda’.
1781 1065 1824 1095 Et
1848 1065 2012 1106 accipiens
2039 1076 2077 1096 ea

427 1117 623 1153 Uuilcarius,
649 1117 722 1147 Deo
747 1116 895 1147 amabilis
921 1116 1185 1158 archiepiscopus
1212 1115 1402 1155 Galliarum,
1431 1117 1562 1148 tradidit
1586 1129 1623 1148 ea
1648 1117 1794 1157 Leontio,
1823 1119 1947 1148 notario
1972 1119 2076 1159 regio-

427 1172 518 1201 nario
545 1176 575 1201 et
601 1171 780 1209 scriniario,
812 1169 997 1211 relegenda.
1045 1169 1087 1200 Et
1118 1170 1282 1211 ingressus
1307 1170 1432 1200 hisdem
1464 1171 1650 1202 scriniarius
1682 1176 1799 1202 cuncta
1830 1171 1953 1213 relegit,
1986 1172 2076 1202 cuius

426 1224 486 1254 istc
512 1229 560 1254 est
584 1228 708 1254 textus:

538 1276 809 1318 ‘Cln·istophorus,
836 1276 1039 1317 primicerius
1057 1276 1253 1307 notariorum
1276 1281 1408 1307 sanctae
1434 1276 1519 1307 sedis
1544 1277 1753 1318 apostolicae,
1780 1289 1821 1308 ex
1845 1289 1984 1320 persona
2008 1279 2076 1308 uni-

427 1330 563 1361 versalis
580 1330 645 1360 Dei
671 1335 803 1360 sanctae
820 1330 966 1360 Romane
992 1329 1150 1360 ecclesiae
1176 1335 1207 1360 et
1231 1330 1334 1360 tocius
1360 1329 1437 1360 cleri
1463 1329 1561 1360 dixit:
1588 1330 1717 1369 Quanto
1734 1331 1941 1362 iocunditatis
1958 1331 2077 1373 gaudio

428 1389 541 1414 sancta
572 1382 765 1414 universalis
790 1383 854 1413 Dei
885 1383 984 1424 pollet
1016 1383 1164 1422 ecclesia,
1202 1382 1405 1413 aevidentius
1441 1395 1526 1414 nunc
1558 1384 1604 1414 rei
1636 1384 1785 1414 meritum
1818 1384 2016 1415 demonstrat
2046 1390 2078 1415 et

429 1436 582 1478 spiritalis
608 1447 767 1478 supernae
800 1435 1068 1467 considerationis
1100 1436 1194 1466 huius
1227 1436 1366 1477 angelici
1392 1436 1520 1478 collegii
1546 1462 1552 1468 .
1579 1462 1584 1467 .
1613 1462 1619 1468 .
1646 1437 1721 1467 dum
1745 1437 1822 1468 talia
1846 1437 2023 1479 praecipua
2047 1443 2078 1468 et

428 1502 447 1521 a
464 1490 537 1521 Deo
555 1489 723 1521 inlustrata
748 1489 788 1520 ob
814 1490 863 1520 sui
889 1489 1110 1520 defensi‹1›ne1n
1136 1490 1257 1531 pariter
1282 1490 1440 1531 conspicit
1465 1495 1641 1532 aggregata
1658 1490 1830 1521 luminaria
1847 1516 1854 1522 .
1873 1515 1879 1521 .
1899 1515 1905 1521 .
1932 1491 2078 1532 eggregii
2098 1505 2108 1523 2

427 1543 491 1574 Dei
525 1543 663 1574 cultores
695 1543 805 1573 divino
838 1543 1027 1573 accersitam
1060 1548 1139 1573 nutu
1170 1543 1414 1584 praessentiam.
1462 1543 1550 1573 Inter
1582 1554 1662 1585 quos
1686 1543 1775 1574 velut
1799 1544 2077 1586 splendidissimus

429 1597 504 1628 sol.
524 1621 556 1627 ..
583 1596 699 1627 domne
733 1597 935 1627 sanctissime
968 1596 1075 1637 presul
1108 1602 1139 1627 et
1169 1596 1361 1627 universalis
1393 1608 1495 1638 papa,
1532 1597 1612 1627 miro
1650 1596 1821 1638 splendore
1858 1597 1985 1633 rutilas,
2023 1598 2077 1639 qui

429 1650 647 1692 apostolorum
672 1650 827 1691 principis
851 1649 954 1689 l)eat(⁴i
979 1650 1081 1689 Petri)
1108 1650 1313 1691 promeruisti
1338 1650 1461 1691 perfrui
1486 1649 1605 1680 sedem.
1653 1650 1720 1680 Vos
1753 1651 1838 1680 enim
1868 1651 1943 1681 estis
1969 1650 2076 1681 soller-

429 1704 543 1734 tissimi
568 1703 632 1733 Dei
658 1702 795 1733 cultores
822 1703 999 1733 secundum
1024 1709 1208 1734 sanctorum
1234 1709 1361 1744 patrum
1392 1702 1614 1742 tradicionem,
1646 1703 1792 1734 membra
1817 1703 1939 1746 (huius)
1972 1715 2077 1734 sacro-

429 1762 560 1787 sanctae
585 1756 729 1787 Romane
755 1756 902 1793 ecclcsie,
935 1767 997 1798 que
1031 1756 1137 1798 capud
1169 1762 1200 1787 et
1223 1756 1439 1798 principatum
1465 1756 1606 1786 omnium
1632 1756 1696 1786 Dei
1721 1756 1932 1787 ecclesiarum
1958 1757 2076 1797 existity

431 1816 462 1840 et
487 1815 612 1851 oportet
636 1821 704 1849 vos,
730 1815 837 1840 vestro
863 1810 991 1851 ca(piti)
1018 1810 1234 1840 sincerissimo
1264 1810 1378 1839 mentis
1411 1809 1529 1839 affectu
1554 1815 1585 1839 et
1617 1820 1657 1839 ex
1688 1810 1799 1840 intimo
1832 1810 1937 1840 cordis
1962 1811 2077 1841 annisu

430 1863 702 1904 obtemperantes,
740 1874 788 1902 ea,
825 1874 907 1904 quae
940 1874 997 1904 pro
1033 1863 1140 1904 quiete
1177 1862 1322 1893 eiusdem
1354 1863 1418 1893 Dei
1454 1863 1631 1904 respiciunt
1667 1862 1842 1902 ecclesiae,
1879 1874 2077 1905 magnopere

429 1916 565 1958 spiritali
598 1916 771 1958 profligare
804 1917 930 1955 intuitu,
962 1915 1202 1958 perpendentes
1234 1915 1312 1949 illut,
1346 1915 1431 1957 quod
1463 1916 1617 1957 scriptum
1649 1921 1712 1946 est:
1749 1915 1804 1946 Siff
1835 1924 1931 1957 caput
1965 1928 2077 1947 sanum

429 1970 535 2009 fuerit,
569 1976 599 2000 et
632 1975 740 2000 cetera
772 1969 917 2000 membra
942 1981 1020 1999 sana
1045 1969 1239 2000 cfficiuntur.
1295 1968 1501 2000 Credendum
1532 1969 1651 2010 quippe
1682 1974 1740 2008 est,
1773 1970 1923 2011 quoniam
1954 1975 1984 2000 et
2017 1970 2078 2012 ipsi

537 2071 551 2093 3
572 2068 652 2100 nova]
674 2070 745 2093 noha
764 2079 826 2093 corr.
848 2079 918 2094 nova
938 2070 991 2094 carl.
1012 2079 1078 2093 man.
1100 2070 1125 2092 Γ.
1214 2070 1245 2093 10
1265 2077 1356 2093 sumus
1379 2069 1404 2092 Γ.
1484 2070 1514 2093 12
1539 2066 1598 2099 nisi]
1626 2069 1660 2092 ita
1679 2069 1712 2093 al.
1734 2078 1799 2093 ηιιιιι.
1819 2070 1991 2101 superscripsit
2009 2070 2078 2094 Terbo

430 2116 455 2137 111
477 2114 502 2137 Γ.
579 2116 610 2138 13
631 2112 747 2144 aedit-at]
770 2115 891 2145 intelliye:
913 2115 1011 2138 edicat.
1080 2116 1109 2138 15
1131 2111 1250 2145 concilii]
1272 2113 1389 2137 concilio
1410 2122 1472 2137 corr.
1492 2114 1524 2137 al.
1546 2122 1612 2137 man.
1634 2114 1742 2138 concilii
1766 2114 1789 2138 Γ.
1858 2116 1888 2138 1ss
1909 2112 2076 2145 recensacio]

430 2159 455 2181 hl
479 2163 514 2182 cst
532 2159 644 2182 rccensiu.
737 2160 769 2182 ’.Ξ-1
797 2159 969 2190 collegii...
985 2156 1058 2189 dum]
1084 2159 1197 2183 lacunam
1225 2159 1338 2189 supplere
1363 2166 1438 2189 aeque
1463 2166 1491 2181 ac
1520 2158 1596 2181 (scuni
1624 2167 1670 2182 non
1698 2159 1785 2182 audeo.
1877 2160 1909 2182 25
1936 2158 2078 2183 luminaria

451 2221 475 2226 ..
497 2204 618 2234 vggregii
639 2203 686 2231 (im
708 2202 752 2233 17]
778 2212 862 2227 sensus
888 2204 941 2227 hiat
962 2212 1009 2235 per
1035 2204 1159 2227 lamnam„
1251 2204 1283 2226 26
1309 2199 1514 2233 praesscntiam]
1541 2202 1574 2225 ita
1600 2202 1624 2225 Γ.
1717 2204 1749 2227 27
1777 2203 1817 2227 sol
1839 2221 1844 2227 .
1860 2222 1865 2227 .
1880 2222 1886 2228 .
1907 2201 2013 2233 domne]
2043 2203 2078 2227 ita

429 2247 500 2270 etiam
524 2248 608 2271 stertui.
701 2249 733 2271 25
760 2249 846 2276 beatli
868 2245 963 2278 Petro]
985 2248 1020 2271 ita
1042 2248 1127 2271 (Ῑειιιιί.
1218 2246 1251 2271 29
1277 2246 1378 2275 (huius)
1407 2247 1529 2278 supplerit
1551 2247 1636 2271 Geumi.
1728 2248 1761 2271 30
1786 2245 1974 2279 principatum]
1995 2248 2030 2271 ita
2050 2248 2076 2272 V.

431 2293 459 2315 31
491 2289 608 2322 calpitiy]
639 2292 671 2315 (ta
704 2292 788 2315 (trani.
888 2294 920 2316 33
951 2296 1002 2316 est:
1034 2290 1072 2322 Si]
1101 2293 1215 2316 lacunam
1246 2292 1309 2315 inter
1337 2291 1394 2315 Ilaec
1423 2291 1495 2315 verba
1522 2291 1605 2315 minus
1633 2296 1694 2315 recte
1722 2292 1835 2315 statuisse
1865 2292 1960 2316 ridetur
1991 2292 2076 2317 Cenni.

430 2340 511 2366 vaput
532 2345 543 2359 ε’
563 2336 649 2366 capud
670 2346 732 2359 [mr.
753 2337 805 2360 ιίυζῖ.
828 2346 892 2359 man.
917 2337 940 2359 Γ.

541 2418 567 2451 l)
602 2418 649 2452 Qf'.
684 2418 737 2444 rita
765 2418 909 2454 Strytlmui.
936 2419 953 2444 l.
979 2419 996 2445 l.
1025 2429 1056 2454 p.
1081 2419 1157 2446 40⁴3.-
1190 2419 1263 2444 Dum
1290 2440 1294 2444 .
1322 2438 1328 2444 .
1356 2439 1361 2444 .
1394 2419 1579 2452 predecessor
1612 2419 1670 2444 cius·
1702 2415 1816 2453 (scilicet
1847 2418 1984 2454 »Stephani
2007 2416 2075 2453 III.)

431 2472 547 2497 domnus
572 2471 676 2497 Paulus
701 2481 774 2505 papa
798 2481 847 2505 pro
873 2473 1039 2497 austeritate
1065 2472 1182 2498 fervoris
1208 2472 1314 2498 aestivo
1339 2476 1464 2506 tempore
1491 2472 1516 2497 in
1543 2471 1662 2497 ecclesia
1686 2472 1763 2497 beati
1781 2472 1859 2497 Pauli
1885 2472 2077 2498 demoraretur

432 2529 460 2550 ct
492 2525 583 2551 valida
614 2525 717 2550 ibidem
749 2525 926 2559 aegritudine
957 2530 1229 2559 praeoccuparetur,
1266 2526 1300 2551 de
1333 2534 1388 2559 qua
1419 2529 1448 2551 et
1479 2525 1564 2550 vitam
1595 2524 1702 2553 finivit,
1736 2525 1781 2551 (lie
1813 2529 1954 2559 noctuque
1987 2526 2075 2551 isdem

430 2578 608 2604 bcatissinms
634 2578 794 2612 Stephanus
820 2575 886 2612 (lum
910 2577 1055 2613 presbyter
1079 2578 1149 2604 titali
1171 2589 1192 2604 s.
1221 2575 1370 2613 Corelliae)
1396 2578 1422 2603 in
1456 2578 1580 2604 eiusdem
1611 2579 1652 2603 sui
1678 2578 1905 2612 praedecessoris
1935 2578 2075 2612 pontificis

430 2640 615 2665 perseverans
646 2632 758 2657 servitio
791 2631 866 2657 nullo
898 2632 978 2657 modo
1010 2632 1044 2657 ab
1077 2632 1135 2657 cius
1160 2632 1275 2663 lectulo,
1308 2632 1396 2657 donec
1429 2631 1555 2665 spiritum
1580 2632 1734 2663 amitteret,
1766 2631 1893 2657 recessit.
1988 2629 2018 2665 2)
2042 2630 2076 2657 In

430 2694 516 2711 sacru
540 2684 682 2720 scriptura
714 2694 767 2711 non
794 2684 901 2720 leyitur.
952 2684 998 2717 (js.
1028 2684 1193 2718 lliflrnnssmi
1224 2685 1338 2719 rstistola
1370 2684 1410 2710 ad
1432 2683 1599 2710 Paulinum:
1632 2685 1732 2718 (sapito
1759 2685 1864 2718 quippe
1890 2693 1956 2710 sano
1980 2693 2076 2710 omnes

431 2747 530 2763 sensus
555 2738 649 2772 vigent
678 2740 763 2773 :Ulm—
787 2737 809 2767 I,
835 2735 916 2769 ΒΣΗ),
944 2747 967 2763 ι’.
987 2737 1066 2763 etiam
1090 2737 1119 2763 L.
1146 2737 1229 2773 Vz'sigs.
1250 2737 1287 2765 ll.
1307 2738 1332 2766 1,
1350 2738 1368 2765 3
1393 2734 1478 2772 (MG.
1501 2737 1561 2763 LL.
1581 2741 1638 2763 nal.
1659 2738 1753 2764 (J'erm.
1774 2737 1796 2771 I,
1814 2738 1853 2765 47
1878 2747 1935 2763 canl
1961 2747 2028 2764 mm.
2047 2738 2075 2770 3,

432 2790 476 2817 abi
501 2790 582 2817 nerlu(
608 2790 804 2816 Ii'vrrwzvswimli
829 2790 901 2825 russis
926 2790 952 2816 itt
979 2790 1092 2816 ‹vua-llio
1125 2790 1254 2816 Toletano
1281 2790 1357 2816 I'JII.
1384 2788 1559 2826 lrwdantmj).

2095 707 2123 725 10

2097 973 2124 991 15>

2097 1771 2126 1789 30

2098 2072 2126 2091 ³5

2096 2297 2126 2314 40

2095 2589 2124 2607 45
