2242 3085
608 139 852 167 APPENDICES
879 139 932 166 AD
958 139 1142 166 CONCILIA
1168 141 1202 167 Α.
1226 141 1299 167 813.
1717 139 1780 170 305

236 233 370 275 (LXX).
408 233 461 264 De
486 233 545 272 his,
571 233 626 274 qni
651 232 692 264 ad
716 233 835 274 gradus
854 232 1071 264 eclesiasticos
1090 233 1250 275 condigne
1268 234 1444 265 ascendere
1462 235 1649 266 voluerunt:
1676 236 1778 267 REM.

129 297 198 328 cap.
225 286 284 317 III.

236 339 388 381 (LXXI).
426 339 477 370 De
502 339 562 379 his,
589 350 671 381 quae
697 340 817 381 scripta
841 344 923 377 sunt,
950 339 1088 380 qualiter
1105 350 1201 381 opere
1218 340 1437 381 perficiantur.
1464 347 1495 372 ct
1512 341 1550 372 dc
1569 341 1778 380 subdiacono⁷

128 393 170 424 ad
195 393 285 424 cuius
310 393 524 424 ministerium
548 393 689 435 pertinet
712 392 892 434 apostolum
916 392 1041 434 legere:
1068 392 1170 423 REM.
1198 404 1267 434 cap.
1287 393 1363 424 IIII.

95 460 108 479 5
235 446 404 488 (LXXII).
442 447 493 477 De
519 445 601 477 lecto
627 445 796 487 evangelio
822 451 853 476 et
877 445 1068 476 diaconibus
1093 446 1273 476 instructis:
1299 446 1403 477 REM.
1430 459 1499 489 cap.
1520 448 1557 478 V.

235 499 422 541 (LXXIII),
459 499 510 529 De
536 499 683 530 discussa
706 499 830 529 ratione
855 499 1042 530 missarum:
1068 499 1170 530 REM.
1197 511 1266 541 cap.
1286 500 1341 530 VI.

235 552 439 595 (LXXIIII).
476 552 528 583 De
553 552 621 582 vita
644 552 900 594 praepositorum
926 557 958 583 et
982 553 1210 583 ammonitione
1243 552 1477 584 subiectorum:
1511 554 1613 585 REM.
1640 566 1709 597 cap.
1738 555 1778 586 X.

235 606 402 647 (LXXV).
441 605 485 636 Ut
508 605 645 647 praelati
670 610 701 635 et
725 604 845 636 subditi
870 605 1009 636 fructum
1034 605 1110 636 boni
1136 606 1241 647 operis
1266 606 1420 637 reddant:
1447 607 1548 638 REM.
1576 619 1644 649 cap.
1665 608 1722 638 XI.

235 659 419 701 (LXXVI).
457 658 502 689 Ut
525 658 566 689 ab
591 658 753 700 episcopis
779 664 810 689 et
834 658 996 690 iudicibus
1021 658 1183 700 quaedam
1208 660 1271 690 sint
1294 659 1479 698 iudicanda,
1506 660 1600 691 modo
1619 661 1778 702 quacdam

84 727 108 745 ιο
127 712 246 743 iudicio
272 712 336 743 Dei
361 711 575 743 reservanda:
600 711 703 742 REM.
731 723 800 754 cap.
820 712 963 742 XVIIII.

234 765 433 808 (LXXVII).
455 765 504 796 Ne
518 764 689 807 presbyter
701 776 760 805 per
773 766 918 807 precium
932 765 1068 807 gradum
1083 770 1113 796 ct
1127 765 1278 796 eclesiam
1292 765 1459 808 adquirat:
1478 766 1579 797 REM.
1599 778 1670 809 cap.
1686 767 1779 797 XXI.

127 819 225 850 TUR.
252 819 324 850 XV.

235 872 453 914 (LXXVIII).
490 872 539 903 Ne
565 871 751 914 cupiditatis
776 877 807 903 et
831 872 988 903 avaritiae
1013 872 1133 903 malum
1158 878 1315 903 sectetur:
1342 873 1443 903 REM.
1471 884 1540 915 cap.
1562 873 1719 904 XXVIII.

234 925 471 967 (LXXVIIII).
507 925 559 956 De
585 925 681 956 rebus
699 925 909 956 ecclesiarum
930 937 989 967 per
1004 925 1176 956 mendacia
1199 926 1232 956 in
1257 926 1437 968 precariam
1463 926 1650 968 adquisitis:
1676 927 1777 958 REM.

84 993 107 1012 15
127 990 198 1021 cap.
223 979 401 1010 XXXVII.

234 1032 403 1075 (LXXX).
441 1032 490 1063 Ne
516 1031 610 1063 solidi
633 1043 692 1074 per
717 1032 944 1074 quadragenos
969 1032 1120 1063 denarios
1146 1033 1344 1064 discurrant:
1370 1033 1473 1065 REM.
1501 1045 1571 1075 cap.
1590 1033 1676 1064 XLI.

234 1086 422 1128 (LXXXI).
459 1085 507 1116 Ne
533 1086 604 1128 quis
629 1085 801 1127 prohibere
827 1085 945 1116 audeat
970 1087 1169 1117 mansionem
1194 1087 1228 1117 in
1253 1086 1419 1117 servitium
1446 1087 1554 1117 domni
1576 1088 1778 1129 imperatoris

126 1139 352 1182 pergentibus:
378 1139 480 1170 REM.
507 1150 577 1181 cap.
597 1139 701 1170 XLII.

233 1193 438 1235 (LXXXII).
476 1193 527 1223 De
558 1192 667 1224 litibus
697 1198 728 1223 et
752 1193 865 1234 iurgiis
890 1204 907 1223 a
934 1193 1032 1223 XXX
1060 1194 1152 1223 annis
1176 1193 1403 1224 terminandis:
1437 1194 1539 1224 REM.
1567 1205 1636 1235 cap.
1656 1194 1777 1224 XLIII.

81 1260 106 1279 20
233 1246 454 1288 (LXXXIII).
492 1246 535 1277 Ut
572 1246 718 1288 episcopi
753 1246 857 1277 scolas
895 1247 1092 1277 constituant
1128 1252 1260 1288 propter
1297 1246 1490 1277 documenta
1527 1248 1777 1289 scripturarum:

127 1300 223 1332 CAR.
251 1311 321 1342 cap.
340 1300 398 1331 III.

234 1353 471 1395 (LXXXIIII).
509 1352 561 1383 De
593 1352 772 1383 humilitate
805 1358 901 1394 atque
934 1352 1089 1394 religione
1122 1364 1219 1395 opere
1251 1359 1283 1384 ct
1318 1353 1429 1384 habitu
1465 1353 1642 1384 servanda:
1681 1353 1777 1384 CAR.

127 1419 195 1449 cap.
223 1407 298 1438 IIII.

234 1460 436 1501 (LXXXV).
474 1460 526 1491 De
550 1459 698 1501 frugibus
723 1460 755 1490 in
780 1471 856 1490 usus
881 1471 1059 1501 pauperum
1086 1460 1340 1502 congregandis:
1367 1460 1463 1491 CAR.
1491 1471 1560 1502 cap.
1581 1460 1670 1490 VIII.

81 1527 106 1546 25
234 1513 453 1555 (LXXXVI).
490 1513 539 1544 Ne
564 1512 736 1544 ordinandi
761 1514 867 1544 iurare
893 1519 1066 1554 cogantur:
1094 1513 1192 1544 CAB.
1219 1525 1289 1555 cap.
1309 1513 1401 1544 XIII.

234 1567 470 1610 (LXXXVII).
507 1566 566 1606 Ne,
600 1578 672 1597 cum
705 1567 849 1608 episcopi
882 1567 1070 1609 parrochias
1095 1578 1169 1597 suas
1194 1572 1378 1609 peragrant,
1409 1578 1485 1608 erga
1511 1566 1656 1597 subditos
1683 1573 1778 1608 atqu(-

127 1621 231 1652 socios
255 1620 460 1662 tyrannidem
487 1626 676 1651 exerceant:
704 1619 800 1651 CAH.
827 1632 897 1662 cap.
916 1620 1026 1651 XIIII.

234 1673 488 1716 (LXXXVIII).
526 1673 575 1704 Ne
609 1673 830 1704 archidiaconi
863 1685 960 1716 supcr
990 1673 1198 1716 presbyteros
1230 1674 1461 1716 parrochianos
1493 1673 1656 1716 quandam
1688 1685 1778 1704 cxci:

128 1734 223 1759 ceant
247 1727 516 1758 dominationem:
542 1726 638 1758 CAB.
666 1738 736 1769 cap.
755 1727 828 1757 XV.

82 1794 108 1812 ³0
235 1780 506 1823 (LXXXVIIII).
544 1780 587 1811 Ut
618 1792 675 1822 pro
707 1780 852 1811 balsamo
884 1781 1020 1811 emendo
1053 1781 1121 1811 sive
1153 1780 1365 1812 luminaribus
1391 1780 1623 1811 concinnandis
1649 1792 1667 1811 a
1692 1792 1778 1822 pres-

128 1834 251 1877 byteris
276 1834 401 1865 denarii
426 1846 489 1865 non
515 1834 703 1875 exigantur:
731 1833 827 1864 CAB.
855 1845 924 1875 cap.
945 1834 1034 1864 XVI.

235 1888 440 1928 (LXXXX).
476 1887 524 1918 Ne
550 1887 732 1929 presbyteri
758 1888 920 1929 episcopis
946 1887 1094 1918 denarios
1121 1888 1152 1918 in
1179 1899 1310 1918 censum
1337 1887 1428 1918 dent:
1455 1887 1551 1918 CAB.
1579 1899 1647 1929 cap.
1671 1887 1777 1918 XVll.

235 1941 457 1983 (LXXXXI).
495 1941 544 1972 Ne
570 1940 610 1971 ab
635 1941 826 1971 incestuosis
853 1947 883 1971 ct
902 1941 1045 1972 decimas
1062 1953 1126 1972 non
1144 1941 1295 1971 dantibus
1314 1941 1418 1971 wadia
1436 1941 1654 1983 accipiantur:
1682 1940 1777 1971 CAH.

128 2006 198 2037 cap.
224 1994 350 2026 XVIII.

83 2060 109 2079 ³5
236 2048 474 2089 (LXXXXII).
512 2047 564 2078 De
583 2048 756 2089 episcopis,
782 2047 992 2089 presbytcri&
1018 2047 1208 2078 diaconibus
1227 2054 1257 2078 ct
1275 2048 1440 2078 monachis
1460 2047 1653 2078 interfectis:
1681 2046 1777 2077 CAH.

129 2113 198 2144 cap.
226 2101 369 2132 XXIIII.

236 2154 492 2193 (LXXXXIII).
530 2154 578 2185 Nc
603 2154 644 2184 ab
670 2154 843 2185 heredibus
869 2154 1006 2185 (eclesiae
1033 2154 1235 2184 dividantur:
1263 2154 1358 2185 (.'AI'›.
1386 2166 1454 2195 cap.
1476 2154 1598 2184 XXVI.

236 2208 509 2250 (LXXXXIIII).
550 2207 591 2238 Ut
617 2208 715 2238 semol
741 2207 781 2238 ab
807 2208 960 2249 episcopo
986 2208 1185 2238 confirmatio
1211 2208 1281 2238 fiat:
1309 2207 1405 2238 CAH.
1433 2219 1502 2249 cap.
1522 2207 1665 2237 XXVII.

237 2261 472 2298 (LXXXXVI.
510 2261 558 2292 Ne
584 2261 726 2302 legitima
753 2272 918 2291 scrvorum
944 2261 1147 2291 mat1·im‹;›nia
1173 2260 1375 2292 dividantur:
1402 2260 1498 2291 CAR.
1526 2272 1596 2302 cap.
1616 2261 1725 2291 XXX.

84 2390 111 2408 40
237 2381 318 2404 LXX.
351 2382 360 2404 1
384 2377 434 2410 Dc]
455 2380 530 2403 Rem.
551 2380 657 2411 proprie
674 2380 796 2411 posterior
815 2388 904 2403 manus
925 2379 949 2403 in
972 2388 1047 2410 mam.
1068 2379 1127 2403 add.
1149 2379 1184 2402 ΠΙ.
1260 2379 1395 2403 volu-wint
1417 2379 1447 2402 X.
1471 2379 1493 2401 Γ,

238 2425 358 2448 LXXVI.
388 2426 402 2447 ἱ)
423 2421 485 2455 sint]
506 2428 567 2448 sunt
582 2424 613 2447 ΛΥ.
636 2424 661 2448 Γ.
737 2426 768 2448 10
788 2425 839 2447 Dei
859 2424 923 2447 deest
943 2424 979 2448 Js.
1002 2424 1031 2449 N.

236 2469 371 2493 LXXVII.
404 2470 431 2492 11
454 2466 538 2498 XX1.]
558 2469 644 2492 XXII.
665 2468 700 2492 M.

237 2513 388 2537 LXXVIII.
420 2514 450 2536 13
471 2513 591 2537 avaricia
611 2513 637 2536 Γ.

237 2558 375 2582 LXXXII.
408 2559 437 2581 19
459 2555 542 2588 XXX]
562 2559 673 2589 triginta
694 2557 724 2582 N.
748 2558 772 2581 Γ.

84 2610 111 2629 45
238 2602 390 2626 LXXXIII.
419 2604 452 2626 20
475 2599 517 2632 [It]
539 2602 603 2626 Cab.
624 2603 731 2634 proprie
750 2602 870 2633 posterior
890 2611 955 2625 man.
987 2611 1000 2625 ιι
1022 2611 1098 2633 victry.
1119 2602 1177 2625 mid.
1200 2602 1234 2625 Jl.

238 2647 403 2670 LXXXIIII.
433 2648 466 2670 23
486 2644 621 2677 1111.]11.
641 2647 677 2670 M.

238 2691 400 2715 LXXXVII.
431 2691 462 2714 27
484 2691 653 2722 tyrandincm
677 2691 700 2714 Γ.

238 2736 416 2760 LXXXVIII.
446 2737 478 2759 :2³
500 2735 679 2767 praesbiteros
701 2735 731 2758 N.

238 2781 386 2805 LXXXXI.
415 2782 446 2804 33
467 2780 578 2803 clm-iniis
600 2780 634 2803 JI.
656 2779 687 2803 X.
710 2780 734 2803 Γ.
809 2779 888 2803 wadii
910 2779 941 2802 X.
965 2779 987 2802 Γ.
1063 2781 1094 2803 ΖΗ
1117 2776 1230 2809 XVIII)
1254 2780 1344 2803 XIIII.
1367 2780 1391 2803 1⁷.

86 2831 113 2849 50
240 2826 414 2849 LXXXXIII.
444 2826 475 2849 3?
497 2824 648 2849 aecclesiae
670 2823 700 2847 N.

187 2876 228 2896 LL.
244 2876 342 2895 eoncilia
357 2876 384 2896 11.
1533 2880 1565 2900 32,
