2242 3085
247 401 325 421 Manu.
334 401 354 424 5,
364 400 396 421 16.

419 138 482 168 208
575 141 624 167 24.
663 140 846 167 CONCILIA
872 139 1118 173 RISPACENSE,
1142 139 1406 172 FRISINGENSE,
1433 139 1747 167 SALISBURGENSE
1770 140 1806 166 A.
1827 139 1899 167 800.

416 233 490 265 bato
527 240 638 264 sancto
669 233 885 264 Pentecosten
921 238 953 263 et
986 233 1081 264 tertia
1115 232 1242 264 sabbati
1278 233 1405 274 septimi
1440 232 1581 262 mensis1
1613 237 1645 262 et
1673 232 1707 262 in
1738 231 1873 263 sabbato
1907 233 2054 274 proximo

416 287 592 317 nativitatis
617 286 786 325 Domini-'3
819 291 850 316 et
880 285 941 316 hoc
971 285 1100 328 publice
1131 297 1196 316 non
1226 290 1358 327 propter
1388 284 1517 315 laudem
1548 284 1721 315 humanam
1744 285 1798 316 vel
1820 296 1904 316 vane
1933 285 2055 327 gloriae

415 339 607 378 mercedem,
640 338 697 369 sed
728 350 785 380 pro
811 344 943 369 aeterna
970 338 1179 369 retributione
1204 343 1236 369 et
1259 339 1291 368 in
1316 337 1500 379 exemplum
1524 337 1635 379 populi
1659 337 1845 377 Christiani,
1875 338 1961 369 unde
1985 339 2054 381 ipse

415 392 573 423 Dominus
590 393 623 422 in
640 391 808 433 cvangelio
827 393 887 422 ait:
914 392 968 423 Sic
985 393 1085 423 luceat
1108 393 1163 423 lua?
1188 399 1285 422 restra
1310 403 1413 421 coram
1438 391 1624 429 hominibus,
1651 398 1682 422 zct
1703 391 1831 422 videant
1852 399 1952 423 vestra
1977 392 2055 424 bona

415 458 511 488 opera
541 453 569 477 et
595 446 771 488 gylei-{ficem
795 452 919 487 patrem
951 453 1094 484 vestrum,
1126 446 1184 486 qui
1211 446 1243 475 in
1275 444 1371 475 caelis
1401 451 1452 475 est.
1499 443 1543 474 Et
1566 443 1626 474 hoc
1651 444 1770 474 invitus
1793 455 1899 486 neque
1923 450 2054 476 coactus
2073 458 2086 478 5

415 510 507 529 nemo
532 498 641 537 faeiat,
666 497 723 528 sed
748 503 925 539 spontaneo
950 498 1062 528 iuditio
1087 497 1307 538 unusquisque
1331 497 1423 527 iuxta
1445 496 1531 527 vires
1556 507 1630 527 suas
1647 496 1800 538 inpertire
1818 497 1954 537 studeat,
1979 498 2055 539 quia

414 563 478 582 non
501 551 645 593 requiret
668 551 759 581 Deus
785 556 950 592 quantum,
976 550 1032 581 sed
1057 555 1177 591 quanta
1200 549 1365 580 voluntate
1389 549 1580 591 proferatur,
1613 549 1689 591 quia
1716 549 1864 580 voluntas
1887 549 1973 581 bona
1996 562 2053 592 pro

415 615 511 646 opere
536 604 613 635 facti
637 603 847 646 reputabitur.

520 675 560 705 V.
597 675 677 705 Item
694 674 815 717 placuit
832 680 942 705 sancto
961 673 1096 704 coneilio
1115 678 1230 715 quarta
1246 679 1278 703 et
1294 678 1386 704 sexta
1408 672 1490 704 feria
1515 684 1534 703 a
1558 681 1653 704 carne
1679 678 1710 703 et
1732 673 1807 704 vino
1833 678 1949 704 cuncto
1969 673 2054 705 clero

415 727 666 758 abstinendum3
689 733 720 758 et
744 727 785 758 ad
809 738 925 758 nonam
951 726 1103 757 letaniam
1127 725 1309 756 faciendam
1335 737 1408 756 cum
1431 727 1601 757 missarum
1626 725 1798 756 sollemniis
1815 737 1873 768 pro
1890 726 2053 757 incolomi·
2075 739 2099 758 ιο

414 786 478 811 tate
510 786 540 811 et
572 781 785 822 prosperitate
817 780 868 810 vel
899 780 1048 810 firmitate
1079 779 1174 810 totius
1206 784 1336 810 sanctae
1361 779 1425 809 Dei
1458 779 1595 810 eclesiae
1626 778 1678 810 vel
1709 790 1766 821 pro
1798 784 1929 810 aeterna
1953 779 2053 810 salute

415 833 589 865 Christiani
608 833 719 876 populi
742 839 773 864 et
797 834 977 863 animarum
1002 843 1131 863 suarum
1155 833 1222 863 vita
1245 838 1402 874 perpetua
1425 831 1477 863 vel
1501 843 1558 874 pro
1575 833 1643 863 vita
1659 837 1691 862 et
1707 831 1808 863 salute
1826 838 1857 863 et
1881 831 2053 863 stabilitate

415 887 542 929 imperii
567 886 675 917 domni
700 887 785 927 regis
810 886 861 916 vel
886 885 1022 916 filiorum
1048 886 1126 925 eius,
1151 886 1296 927 exceptis
1321 891 1429 916 tamen
1453 884 1566 916 diebus
1585 896 1603 915 a
1618 885 1786 916 nativitate
1802 885 1935 916 Domini
1951 896 2053 927 usque

414 941 447 971 in
479 945 610 971 octavas
634 939 871 981 Epyphaniae4
902 944 933 969 ct
964 950 983 969 a
1012 938 1140 969 Pascha
1174 950 1275 980 usque
1307 938 1348 969 ad
1384 944 1529 969 sanctam
1559 938 1774 969 Pentecosten
1810 943 1841 969 et
1870 938 2053 980 praecipuis

414 992 653 1032 festivitatibus,
678 992 710 1023 id
728 998 776 1023 est
793 997 923 1022 sanctae
940 991 1063 1022 Mariae
1075 993 1095 1031 5,
1120 991 1222 1022 sancti
1239 991 1391 1021 Iohannis
1408 990 1567 1033 baptistae
1579 993 1599 1030 ὃ,
1617 991 1788 1022 duodecim
1806 991 2021 1033 apostolorum
2033 993 2052 1029 7,
2074 1003 2098 1022 15

415 1046 518 1077 sancti
549 1045 734 1086 archangeli
759 1044 972 1075 MichahelisS
999 1049 1031 1075 et
1061 1045 1163 1075 saneti
1187 1044 1339 1074 Martini9
1362 1044 1415 1075 vel
1445 1043 1632 1075 veneranda
1663 1044 1835 1075 festivitate
1866 1044 1949 1075 illius
1981 1055 2053 1086 par-

416 1098 562 1138 roechie,
588 1098 639 1129 vel
656 1099 752 1129 etiam
778 1098 920 1128 caritatis
946 1097 1087 1128 officium
1110 1097 1298 1139 inplendum
1323 1098 1356 1128 in
1380 1097 1521 1128 adventu
1545 1097 1679 1128 fratrum
1704 1098 1999 1139 supervenientium
2022 1103 2054 1128 et

414 1152 473 1191 his,
506 1152 561 1193 qui
589 1152 623 1182 in
652 1151 743 1182 hoste
775 1151 826 1182 vel
856 1151 889 1181 in
920 1151 1034 1181 itinere
1066 1155 1140 1181 sunt
1171 1151 1334 1181 constituti
1358 1150 1410 1181 vel
1434 1151 1473 1181 ad
1499 1150 1653 1192 palatium
1678 1150 1786 1181 domni
1810 1151 1895 1192 regis
1919 1151 2054 1181 veniunt

415 1205 467 1235 vel
498 1205 681 1235 infirmitate
713 1205 810 1235 etiam
839 1203 970 1243 detenti,
1002 1203 1236 1245 indulgentiam
1269 1203 1485 1234 concedimus.
1534 1203 1632 1234 Cibos
1656 1214 1733 1234 vero
1759 1203 2052 1245 quadragesimales

415 1257 466 1288 vel
490 1263 585 1299 potus
609 1258 642 1288 in
666 1257 798 1288 arbitrio
823 1257 1075 1298 uniuscuiusque
1100 1267 1170 1287 esse
1194 1256 1340 1287 utendos.
1387 1257 1459 1288 Hoc
1490 1262 1598 1287 tamen
1629 1256 1770 1287 maxime
1799 1255 1989 1296 cavendum,
2020 1262 2055 1287 ut
2073 1268 2099 1286 20

415 1322 479 1342 non
503 1322 605 1353 usque
630 1311 811 1341 satietatem
836 1310 943 1341 cibum
968 1315 999 1341 et
1022 1315 1132 1352 potum
1157 1321 1330 1349 sumamus,
1356 1310 1413 1340 sed
1436 1310 1576 1352 partius,
1602 1310 1656 1351 qui
1672 1320 1750 1340 vcro
1774 1309 1845 1351 plus
1865 1308 2055 1340 abstinuerit

415 1364 486 1406 plus
518 1375 551 1394 se
583 1363 765 1395 mercedem
797 1363 916 1394 habere
948 1364 1038 1394 sciat.
1093 1362 1128 1394 Si
1159 1363 1229 1404 quis
1263 1374 1340 1394 vero
1372 1364 1404 1393 in
1437 1363 1636 1394 eclesiastico
1668 1362 1780 1393 ordine
1804 1362 1857 1393 vel
1885 1362 2054 1393 clericatus

417 1417 557 1448 officium
583 1417 643 1448 hoc
668 1422 781 1459 sponte
806 1416 972 1458 adinplere
998 1416 1155 1447 studuerit
1179 1416 1332 1456 hortatur,
1357 1422 1391 1447 ut
1416 1427 1543 1458 semper
1558 1416 1591 1447 in
1608 1415 1721 1446 melius
1737 1415 1894 1457 proficiat.
1932 1414 1967 1446 Si
1984 1415 2054 1457 quis

415 1481 492 1501 vero
517 1482 559 1501 ex
589 1470 638 1501 his
669 1470 845 1511 neglegens
877 1474 908 1500 et
937 1469 1117 1500 desidiosus
1148 1469 1253 1508 fuerit,
1286 1469 1478 1511 corripiatur
1507 1474 1539 1500 et
1568 1469 1688 1500 invitus
1719 1480 1777 1511 per
1805 1468 2054 1500 admonitionem

415 1528 558 1554 nostram
583 1528 614 1554 et
638 1523 874 1565 correptionem
899 1523 995 1553 etiam
1020 1527 1149 1553 coactus
1174 1522 1235 1553 hoe
1259 1522 1367 1553 faciat.
2074 1531 2099 1550 2⁵

522 1577 564 1607 Et
587 1576 648 1607 hoc
673 1576 893 1615 admonemus,
925 1581 959 1606 ut
989 1575 1195 1617 praedicetur
1219 1576 1252 1606 in
1282 1575 1419 1617 populis,
1451 1581 1485 1606 ut
1508 1586 1567 1618 per
1590 1575 1824 1606 exortationem
1849 1579 1880 1606 et
1903 1585 1961 1616 per
1985 1585 2054 1605 sua-

416 1631 539 1661 sionem
570 1630 622 1660 vel
651 1641 709 1672 per
740 1628 917 1672 quamlibet
948 1629 1151 1660 occasionem
1182 1628 1243 1660 hoc
1274 1628 1401 1671 populis
1430 1628 1625 1671 persuadere
1660 1628 1829 1670 possimus,
1862 1639 1934 1659 cum
1970 1628 2055 1659 omni

416 1683 521 1715 studio
545 1683 683 1714 fideliter
706 1688 738 1714 et
761 1682 877 1714 devote
902 1682 1068 1714 faciamus.

488 1816 694 1848 Similiter
718 1816 977 1847 decrevimus
1002 1815 1167 1858 reliqua
1192 1815 1379 1857 capitula
1403 1816 1695 1846 conventionis
1720 1820 1888 1846 nostrae
1912 1826 1984 1856 per

792 1869 957 1911 singula
989 1880 1177 1911 quaeque
1207 1868 1397 1900 breviter
1426 1868 1679 1910 praenotari.
2074 1884 2100 1903 ³0

523 1949 570 1980 VI
595 1949 654 1992 (1).
690 1949 736 1980 Ut
766 1948 815 1980 bis
846 1949 879 1980 in
911 1960 995 1980 anno
1031 1948 1169 1980 concilia
1199 1947 1412 1988 celebrentur,
1449 1949 1531 1979 sicut
1560 1948 1593 1979 in
1624 1947 1760 1979 concilio
1792 1947 2055 1979 Calcidonensi¹⁰

417 2003 599 2034 continetur
622 2003 697 2045 kap.
723 2002 865 2033 XVHH.

524 2065 587 2095 VII
612 2064 671 2107 (2).
707 2064 758 2095 De
778 2075 842 2095 non
863 2063 1050 2095 ordinandis
1070 2062 1258 2105 presbiteris
1277 2068 1309 2094 et
1326 2062 1515 2094 diaconibus
1539 2063 1600 2093 nisi
1624 2063 1658 2093 in
1676 2062 1828 2104 legitimis
1846 2061 2054 2104 temporibus,

418 2119 500 2150 sicut
529 2118 562 2149 in
593 2118 731 2149 decretis
759 2118 880 2148 Zosimi
911 2119 1051 2159 papae¹l
1082 2117 1264 2148 continetur
1293 2116 1370 2158 kap.
1394 2116 1454 2147 III.
1484 2127 1610 2147 necnon
1641 2121 1672 2147 et
1701 2116 1735 2146 in
1765 2115 1903 2146 decretis
1933 2114 2055 2146 Gelasii

417 2174 559 2213 papae¹²
582 2183 652 2213 cap.
670 2171 729 2202 XI.
2074 2179 2100 2199 ³5

525 2233 606 2264 VIII
631 2234 690 2276 (3).
726 2233 770 2264 Ut
800 2243 914 2272 pacem
946 2231 1093 2263 omnibus
1123 2232 1288 2274 inperetur
1312 2231 1467 2262 custodiri
1490 2231 1523 2261 in
1548 2230 1675 2270 eclesia,
1707 2231 1788 2261 sicut
1812 2230 1845 2260 in
1869 2229 2009 2272 capitulo
2029 2229 2054 2260 I.

419 2287 600 2318 continetur
623 2286 753 2328 regulae
777 2286 958 2317 Innocentii
982 2296 1086 2328 papae
1098 2287 1132 2316 13.

526 2422 556 2446 V.
587 2423 617 2445 14
637 2421 691 2445 effi
713 2421 746 2446 G.

531 2549 557 2581 1)
583 2547 620 2575 Id
641 2552 680 2574 est
704 2545 879 2583 Septembris.
959 2544 989 2579 2)
1017 2544 1064 2579 Cf.
1090 2544 1186 2572 concil.
1211 2544 1322 2571 Baium.
1348 2544 1526 2572 740—750
1549 2553 1574 2571 c.
1591 2544 1645 2576 10;
1668 2553 1758 2580 supra
1776 2553 1810 2580 p.
1826 2544 1873 2572 53.
1952 2543 1980 2576 3)
2008 2542 2056 2577 Cf.

420 2602 516 2629 ibidem
543 2611 565 2628 c.
584 2601 638 2633 11;
660 2609 749 2636 supra
768 2609 800 2635 p.
817 2600 865 2627 53.
947 2598 977 2631 4)
1003 2598 1068 2624 Ian.
1093 2598 1139 2626 13.
1221 2597 1250 2630 5)
1283 2597 1313 2624 V.
1338 2597 1421 2631 infra
1446 2606 1468 2623 c.
1485 2597 1533 2625 41.
1616 2596 1646 2630 6)
1671 2596 1733 2624 Iun.
1757 2597 1807 2625 24.
1877 2596 1906 2629 7)
1931 2595 1984 2623 Iul.
2010 2597 2056 2624 15.
2075 2603 2101 2622 40

423 2655 453 2687 8)
480 2654 555 2691 Sept.
579 2654 627 2682 29.
721 2652 750 2685 9)
776 2651 847 2679 Nou.
868 2652 913 2680 11.
1009 2650 1059 2683 10)
1087 2650 1170 2678 Cone.
1198 2648 1329 2677 Chalced.
1354 2659 1376 2676 c.
1397 2650 1451 2683 19;
1486 2649 1584 2677 Μαηεὶ
1605 2649 1667 2683 VII,
1692 2650 1764 2678 378.
1858 2648 1909 2682 11)
1934 2648 2056 2676 Decreta

423 2707 527 2734 Zosimi
550 2717 572 2734 c.
593 2708 611 2735 3
635 2703 784 2742 (Jaffe2K.
809 2715 836 2732 n.
855 2701 934 2739 339).
1021 2703 1070 2735 12)
1096 2703 1221 2730 Decreta
1247 2702 1355 2729 Gelas-ii
1377 2712 1399 2729 (κ
1418 2703 1453 2730 11
1478 2700 1626 2737 (Jaffie2K.
1650 2712 1678 2729 n.
1697 2700 1776 2738 636).
1859 2701 1909 2735 13)
1934 2701 2057 2728 Decreta

424 2760 577 2787 Innocenlii
601 2769 622 2786 c.
642 2760 656 2787 1
682 2756 835 2795 (Jaffe'-K.
861 2767 888 2784 η.
906 2754 984 2792 311).
